3256 3632
410 320 470 366 18

536 448 809 509 Maauscripti
832 445 1447 508 Atrebatensianpograpbunt.
1465 444 1503 502 ¹)
1536 444 1729 499 alterum,
1762 449 1806 488 ut
1836 442 2020 498 videtur,-
2052 454 2137 487 non
2168 443 2304 502 ipsam
2335 441 2696 489 coficemnbebuit

413 527 505 573 Jos.
519 526 765 584 Scaligerus
789 524 980 577 ot-aimul
999 523 1175 583 usne-²)
1199 522 1392 569 editio-'e
1412 523 1569 568 Lucani
1588 521 1889 567 Palmanniana
1903 519 2356 580 (Aatverpia01564),
2379 520 2429 564 ia'
2441 522 2523 579 qua
2543 520 2697 577 legitur

415 606 655 666 poemation
689 602 744 648 ad
766 601 1003 658 Pisonem,
1049 601 1246 647 Hadriani
1277 600 1391 646 lunii*
1416 598 1627 645 beneficio
1659 600 1820 643 auctori
1852 610 1932 643 ne
1957 597 2195 653 redditum,
2239 594 2700 642 M..Annaei1acaai

414 683 473 730 ad
491 681 768 741 Calpurnium
792 680 989 727 Pisonem
1015 680 1325 739 paneqyricam
1355 680 1398 725 iu
1415 676 1666 739 Appendice
1686 675 1857 734 Virgilii
1883 673 2004 721 1573
2034 676 2090 720 ita
2110 672 2373 733 evulgavit-5
2406 680 2450 721 ut
2472 687 2565 720 oum
2580 672 2698 719 Iunio

417 761 567 820 (cujus
606 767 747 806 tamen
794 759 1020 805 editionem
1038 754 1137 804 -non
1167 755 1339 816 laudat)
1390 763 1433 801 et
1473 770 1569 801 oum
1601 755 1832 800 Pulmanno
1875 754 1947 799 vel
1997 756 2038 798 in
2065 766 2234 799 -errore
2266 754 2367 798 sive
2399 752 2568 798 librarii«
2592 754 2699 798 aive

416 838 691 899 typographi,
726 835 907 882 vs.>17³0
927 836 1116 880 'securae
1146 833 1515 896 praeeminet
1541 847 1637 878 cum
1650 832 1882 877 Pulmanno
1914 831 2008 878 solo
2041 834 2081 876 in
2107 832 2316 891 scriptura
2348 832 2489 889 inepta
2509 828 2706 875 .vs..216»

417 921 605 960 teneam
636 928 713 974 pro
756 921 957 958 canemus
988 920 1113 971 atque
1144 917 1187 958 in
1216 913 1384 968 indice,
1427 912 1522 956 nisi
1552 910 1666 970 qnod
1696 910 1944 967 Scaligerus
1983 910 2295 967 paneyyricnm
2327 922 2405 969 pro
2445 908 2700 966 poematica

419 992 573 1048 babet,
616 1005 792 1052 prorsus
824 993 1075 1037 consentiat.
1141 990 1245 1037 lude
1277 991 1465 1048 sequitur
1509 991 1551 1032 et
1570 987 1748 1032 ·Junium
1791 993 1834 1032 et
1865 986 2137 1044 Scaligerum
2170 1000 2248 1032 sua
2289 1000 2348 1032 ex
2382 984 2541 1031 »eodem
2582 983 2701 1029 {onte

417 1072 612 1117 hausisse
635 1071 672 1128 ³)
704 1073 802 1117 sive
836 1071 1050 1130 primitivo
1081 1067 1190 1115 sive
1210 1069 1417 1115 derivato.
1459 1068 1699 1126 Disceptari
1725 1064 2079 1124 quidem‘potest,
2114 1065 2249 1108 utram
2273 1062 2533 1119 Scaliger-us
2553 1060 2703 1106 codice

421 1149 693 1194 Atrebatensi
727 1151 822 1208 ipso
865 1162 917 1192 an
951 1147 1199 1207 apographo
1242 1149 1333 1192 eius
1378 1160 1479 1191 usus
1519 1148 1602 1201 sit,
1652 1157 1776 1204 quum
1810 1157 1851 1188 v.
1887 1142 1923 1187 d.
1959 1141 2138 1198 librum,
2189 1155 2311 1201 quem
2342 1138 2552 1195 babebat,
2590 1142 2702 1183 'mox

420 1228 623 1273 schedam
655 1227 823 1272 calamo
858 1230 1090 1271 eoearatam
1113 1224 1182 1280 ⁴),
1230 1239 1332 1271 mox
1373 1225 1705 1280 manuscriptum
1739 1220 1823 1266 vel
1863 1220 2055 1265 codicem
2076 1219 2126 1278 ⁵)
2160 1219 2281 1265 dicat
2298 1224 2343 1264 et
2375 1223 2551 1278 praeter
2582 1214 2696 1261 indi-

424 1319 544 1361 cem,
598 1318 722 1365 quem
765 1305 940 1349 carmini
982 1305 1226 1364 inscripsit,
1273 1302 1399 1347 assum
1442 1302 1617 1357 afferat,
1667 1310 1793 1358 quem
1836 1312 1887 1343 se
1928 1300 1970 1343 in
2012 1296 2170 1344 scheda
2212 1298 2495 1356 manuscripta
2539 1293 2701 1340 vidisse

421 1390 597 1430 testatur
620 1382 688 1443 6),
711 1383 880 1428 Lucani
890 1382 1139 1426 catalecton
1161 1381 1214 1425 de
1233 1380 1361 1425 lande
1383 1379 1585 1431 Pisonie,·
1615 1376 1695 1433 sed
1721 1378 1914 1435 quoniam
1937 1375 2185 1433 Scaligerus
2200 1388 2340 1433 neque
2359 1372 2703 1424 Atrebatensem‚

423 1475 564 1521 neque
617 1461 744 1505 alium
788 1461 981 1506 codicem
1011 1461 1261 1519 panegyrici
1310 1459 1494 1502 nominat
1523 1463 1648 1515 atque
1691 1456 1954 1515 inscriptioni
1986 1454 2153 1499 Lucani
2196 1453 2440 1497 catalecton
2480 1458 2563 1495 etc.
2606 1450 2704 1494 nibil

423 1539 566 1585 tribuit
589 1538 666 1598 ⁷),
700 1553 822 1599 quam
854 1542 897 1583 in
928 1539 1022 1584 solo
1055 1538 1205 1583 codice
1236 1535 1511 1581 Atrebatensi
1543 1534 1678 1579 fuisse
1707 1538 1871 1579 constat
1894 1531 1970 1590 8),
2005 1545 2101 1575 eum
2133 1529 2383 1591 apographo
2413 1528 2551 1588 potius
2582 1525 2705 1572 codi-

427 1620 489 1663 cis
522 1620 618 1663 sive
648 1616 822 1672 scheda,
858 1619 1026 1676 utipse
1059 1615 1182 1671 dixit,
1215 1614 1385 1659 calamo
1418 1616 1612 1657 emar-am
1642 1625 1765 1657 usum
1799 1610 1933 1654 fuisse
1965 1608 2197 1654 verisimile
2231 1614 2310 1652 est.
2356 1606 2446 1650 MS.
2479 1604 2703 1662 Scaligeto

425 1701 535 1741 teste
555 1694 605 1753 9)
639 1694 702 1739 his
735 1693 966 1753 incipiebat
998 1691 1169 1738 verbis:
1219 1691 1340 1735 Nihil
1383 1695 1449 1734 est
1489 1690 1603 1748 quod
1641 1693 1777 1732 lexas
1818 1688 1970 1731 ordine
2010 1687 2193 1743 lonymn.
2261 1683 2382 1728 Unde
2409 1683 2706 1741 prinecoepti

426 1776 577 1830 aaroni
607 1772 709 1817 milti
741 1774 946 1817 carmini-5
978 1771 1123 1816 ordo?
1156 1768 1438 1825 Quamobrem
1473 1783 1514 1813 v.
1538 1768 1577 1813 d.
1599 1766 1837 1822 arbitratur,
1872 1771 1997 1823 atque
2021 1762 2221 1808 Beckium
2249 1761 2318 1820 ¹⁰]
2351 1759 2430 1805 sibi
2463 1761 2707 1804 assentien-

427 1855 511 1894 tem
554 1849 708 1905 babet,
735 1852 892 1894 initium
923 1854 1072 1892 nostro
1105 1849 1318 1906 poematia
1351 1847 1533 1898 deesse3
1566 1844 1643 1889 sed
1677 1850 1796 1888 recte
1830 1848 1982 1888 monet
2009 1838 2334 1885 Wernedorflus
2356 1836 2420 1892 ¹¹)
2453 1837 2585 1883 verba
2618 1835 2706 1891 illa,

430 1940 490 1972 ex
534 1924 703 1983 Virgilii
745 1923 926 1982 Giri12]
979 1923 1155 1978 hausta,
1215 1922 1430 1980 glossema
1483 1934 1610 1976 esse,
1670 1920 1781 1977 quod
1825 1925 1868 1962 ut
1909 1918 2227 1974 interrogationi
2272 1918 2392 1976 primi
2435 1928 2589 1961 versus
2630 1927 2708 1957 re—

430 1996 690 2063 sponderet,
735 2017 759 2046 a
792 2001 967 2047 librario
1001 2007 1119 2046 esset
1151 2001 1494 2059 superscriptum.
1558 1997 1663 2042 Sive
1696 1996 1738 2040 id
1770 1998 1812 2040 in
1844 1994 1994 2039 codice
2027 1992 2324 2048 Atrebatensi‚
2373 1996 2468 2039 sive
2502 1995 2542 2037 in
2599 2004 2710 2051 apo-

431 2079 598 2139 grapho
643 2081 732 2125 eius
765 2078 1061 2136 Scaligeriano
1108 2076 1288 2123 additum
1324 2082 1415 2132 est,
1466 2074 1682 2133 glossema
1716 2085 1856 2132 neque
1889 2074 1931 2117 in
1963 2070 2146 2116 editione
2178 2070 2452 2118 Sicbardiana
2484 2082 2624 2129 neque
2665 2071 2707 2115 in

435 2158 609 2204 Iuniana
665 2164 707 2203 et
751 2157 1049 2203 Pulmanniana
1093 2162 1281 2217 apparet.
1354 2155 1400 2200 ln
1451 2153 1603 2199 eodem
1659 2150 1808 2198 codice
1851 2149 2098 2207 Scaligerus
2122 2146 2192 2207 ¹3]
2245 2155 2302 2194 et·
2335 2148 2461 2194 finem
2504 2149 2709 2208 poematis

432 2236 646 2283 Pisoniani
681 2238 872 2290 invenit,
905 2250 1029 2293 quem
1063 2234 1132 2279 diu
1166 2233 1384 2279 absentem
1412 2231 1481 2290 ¹⁴]
1515 2230 1829 2289 Antverpensis
1862 2226 1989 2273 editio
2020 2226 2175 2271 Lucani
2208 2239 2290 2271 non
2324 2228 2536 2272 omiserat.
2597 2224 2710 2271 ldem

491 2414 536 2465 1)
566 2419 615 2455 Cf.
643 2418 727 2453 iufra
756 2423 834 2463 post
863 2419 898 2452 8.
1667 2414 1712 2448 13
1766 2415 1852 2458 App.
1882 2413 1978 2456 Virg.
2002 2422 2038 2456 p.
2057 2410 2144 2445 280.

491 2466 538 2518 2)
569 2470 618 2506 Ci'.
656 2469 782 2515 Scalig.
816 2470 849 2505 in
885 2473 943 2505 not
996 2469 1037 2504 ad
1076 2468 1197 2514 Eclog.
1234 2468 1354 2504 Lucan.
1394 2480 1426 2515 p.
1463 2467 1539 2505 280
1668 2465 1713 2501 14
1767 2464 1892 2508 Scalig.
1921 2464 1941 2498 Ι.
1967 2463 1988 2498 l.
2020 2461 2318 2506 Quemadmodum
2359 2461 2421 2496 diu
2455 2461 2540 2505 finis
2576 2471 2714 2509 qnoque

439 2522 596 2569 Append.
623 2522 720 2567 Virg.
1613 2517 1809 2564 panegyrici
1848 2515 1982 2558 abfuit,
2028 2524 2128 2560 quem
2165 2524 2230 2560 eqo
2266 2515 2387 2548 inveni
2416 2513 2455 2547 in
2493 2512 2556 2548 illo
2590 2514 2714 2550 codice

493 2573 516 2607 3
571 2574 655 2608 lleld
681 2585 713 2618 p.
742 2572 759 2606 1
794 2577 827 2607 et
853 2573 944 2608 Beck
971 2584 1005 2618 p.
1032 2572 1110 2606 XIV
1137 2571 1227 2607 idem
1256 2573 1474 2617 auspicantur.
1613 2575 1647 2604 et
1685 2580 1759 2604 non
1787 2568 1903 2602 omisit
1930 2566 2179 2610 Antaei-pensis
2206 2566 2315 2599 editio
2349 2565 2372 2598 i.
2401 2576 2430 2598 e.
2457 2565 2606 2599 Lucanus
2633 2566 2714 2601 Pul-

491 2623 516 2659 4
566 2624 721 2670 Append.
745 2636 777 2669 p.
807 2623 882 2658 279
913 2619 969 2671 (ρ.
1001 2618 1112 2670 545).
1614 2620 1722 2656 manni
1767 2620 1929 2664 Antverp.
1971 2616 2083 2652 1564.
2137 2615 2230 2658 Quae
2276 2616 2379 2651 verba
2422 2615 2543 2651 nollem
2585 2617 2630 2653 ita
2672 2618 2713 2652 ab

496 2677 518 2710 5
566 2675 648 2711 ibid.
678 2686 711 2721 p.
740 2675 826 2709 280.
1614 2671 1735 2706 Heldio
1771 2681 1802 2716 p.
1845 2669 1861 2703 1
1903 2669 2072 2703 intellecta
2113 2677 2212 2711 ene,
2267 2672 2303 2701 ut
2340 2667 2497 2702 incuriam
2551 2668 2716 2713 scaligeri

496 2722 545 2774 6)
572 2727 655 2762 lbid.
682 2738 714 2772 p.
744 2726 819 2760 279
847 2723 903 2774 (p.
934 2723 1043 2769 545).
1618 2723 1886 2764 manifestarent,
1946 2721 2071 2766 quippe
2116 2718 2171 2763 qui
2221 2729 2338 2754 verane
2387 2718 2464 2753 illos
2503 2717 2566 2752 XI!
2613 2730 2716 2755 sitnm

496 2775 546 2827 7)
573 2779 680 2816 Aliam
725 2782 818 2814 certe
854 2779 1102 2824 inscriptionem
1143 2776 1247 2813 editio
1276 2776 1442 2822 Scaligeri
1479 2787 1546 2811 ex·
1620 2775 1734 2810 Iocum
1768 2775 1842 2809 iam
1875 2777 1996 2807 tenere
2032 2771 2072 2806 in
2111 2769 2325 2805 editionibus
2353 2768 2611 2816 antiquioribus
2642 2782 2714 2807 non

441 2832 545 2866 hibet.
1621 2827 1839 2860 advertisset.
1891 2823 2022 2857 Etenim
2063 2823 2225 2866 Scaliger.
2269 2825 2305 2856 et
2343 2822 2524 2857 editionem
2561 2822 2716 2857 Palmen—

496 2878 547 2931 8)
582 2881 799 2917 WernsdorF.
843 2893 874 2926 p.
916 2880 966 2914 40
1008 2881 1073 2916 hoc
1114 2880 1268 2916 affirmari
1313 2890 1417 2925 poue
1465 2879 1550 2915 male
1623 2879 1749 2913 nianam
1779 2877 1822 2912 ob
1851 2875 1968 2910 oculo·
1996 2874 2130 2917 babuit,
2156 2878 2190 2908 et
2216 2873 2346 2910 nonnisi
2375 2873 2418 2907 de
2446 2883 2538 2909 novo
2563 2884 2715 2909 versuum

444 2939 654 3035 “gig-lbi&
682 2998 714 3031 p.
741 2984 830 3019 280.
866 2984 1011 3019 Videtur
1038 2990 1156 3019 autem
1181 2984 1322 3019 initium
1348 2983 1432 3018 huic
1457 2993 1549 3029 poe·
1623 2929 1850 3027 grdp?e2;g¹3t·
1876 2923 2191 3025 53ιοῖιῖῗωῖῃῖΙὲ
2201 2935 2363 3012 ἑᾳίἳιέἳι·
2377 2933 2429 3012 :an-v
2439 2924 2581 3012 Ag‘nss·
2601 2926 2716 3014 {bl-{3

447 3041 555 3075 matio
584 3040 716 3074 deesse.
1621 3033 1757 3079 aliquot
1790 3032 1942 3068 dicisum
1973 3030 2086 3074 fuisse
2121 3027 2262 3063 videtur
2301 3027 2358 3063 cel
2397 3038 2443 3064 εει·
2475 3028 2568 3073 fine,
2622 3039 2716 3075 quam

500 3089 548 3123 10
601 3102 634 3138 p.
661 3090 721 3124 24.
1621 3086 1810 3131 opinionem
1847 3083 1951 3117 minus
1988 3081 2132 3115 feliciter
2173 3078 2320 3114 retur-re
2359 3080 2470 3116 studet
2503 3080 2718 3117 Wernsdorl'.

503 3142 544 3175 11
602 3153 635 3187 p.
662 3143 710 3175 45
740 3151 790 3185 sq.
1620 3149 1652 3182 p.
1677 3137 1750 3180 43,
1775 3140 1868 3172 recte
1895 3133 2028 3168 damnat
2053 3131 2142 3167 Beck
2170 3142 2203 3177 p.
2232 3129 2293 3165 23.

503 3087 576 3241 12}
603 3194 663 3228 Vs.
690 3193 789 3237 339,
819 3201 916 3236 quem
944 3190 1054 3227 locum
1081 3190 1244 3235 Scaliger.
1277 3188 1351 3235 ipse
1379 3188 1496 3223 attulit.
