3256 3632
2592 315 2651 361 31

599 454 662 490 sec.
812 459 902 516 quis
948 457 1058 513 regit
1098 456 1197 514 ipso
1233 465 1353 499 mm
1394 453 1473 498 nisi
1511 465 1592 513 per
1632 458 1703 499 tua
1745 451 1938 513 pondera
1982 454 2197 499 mentem?
2457 452 2524 483 ¹¹¹¹·-

812 564 908 594 nam
950 556 1020 604 tu,
1066 550 1162 594 sive
1200 546 1305 593 libet
1343 548 1511 607 pariter-
1542 561 1637 592 cum
1679 546 1889 605 grandine
1932 546 2096 591 nimbos
2212 547 2214 549 ’

812 644 1029 703 densaque
1069 641 1233 687 vibrata
1254 667 1256 669 ·
1275 642 1461 687 iaculari
1490 642 1674 687 fulmina
1706 642 1886 699 lingua,

811 755 886 786 seu
931 742 1045 785 iuvat
1085 740 1305 785 adstrictas
1346 741 1404 784 in?
1430 739 1584 785 nodum
1627 745 1787 797 eogere
1828 752 1964 784 voces

605 850 647 881 σο
814 840 855 878 et
898 832 1001 878 dare
1042 831 1182 878 subtili
1223 833 1393 878 vivacia
1436 831 1572 877 verba
1611 839 1813 888 catenae,
2466 847 2508 878 60

815 929 897 972 vim
939 926 1214 983 Laertiadae,
1265 925 1514 972 brevitatem
1557 928 1694 973 vincis
1743 926 1947 981 Atridae3

812 1022 948 1067 dulcia
990 1037 1067 1068 seu
1107 1025 1242 1067 mavis
1287 1022 1528 1081 liquidoque
1571 1022 1742 1067 fluentia
1785 1036 1910 1067 cursu

812 1117 947 1162 verba
989 1131 1071 1162 nec
1111 1103 1275 1163 incluso
1317 1116 1394 1163 sed
1434 1124 1582 1177 aperto
1624 1120 1807 1177 pingere
1848 1118 1986 1172 flore,

812 1212 951 1256 inclita
992 1212 1190 1257 Nestorei
1233 1211 1345 1256 cedit
1382 1212 1457 1257 tibi
1500 1215 1636 1269 gratia
1676 1212 1826 1256 mellis.
1886 1248 1889 1253 .

604 1317 645 1348 65
811 1322 892 1352 nec
934 1315 1004 1365 te,
1047 1309 1172 1366 Piso,
1220 1315 1360 1354 tamen
1400 1309 1556 1370 populo
1579 1308 1676 1355 *suh
1718 1308 1859 1354 iudice
1902 1308 1996 1354 sola
2465 1318 2505 1348 65

813 1407 1011 1451 mirantur
1053 1406 1179 1463 fora,
1220 1406 1299 1453 sed
1341 1421 1568 1453 numerosa
1613 1406 1739 1452 laude
1781 1412 1952 1453 senatus

814 1504 968 1561 excipit
1013 1509 1054 1546 et
1094 1504 1266 1547 meritas
1311 1502 1446 1548 reddit
1487 1502 1560 1548 tibi
1602 1504 1717 1547 curia
1760 1516 1906 1547 voces.

813 1599 902 1655 quis
947 1597 1073 1655 digne
1113 1598 1300 1654 referat,
1349 1598 1485 1657 qualis
1526 1598 1598 1643 tibi
1646 1598 1743 1642 luce
1785 1596 1862 1642 sub
1904 1597 1976 1641 iila

811 1694 947 1750 gloria
992 1696 1241 1752 contigerit,
1289 1709 1368 1755 qua
1410 1701 1453 1739 tu
1494 1696 1702 1740 reticente
1742 1699 1920 1747 senatu,

602 1803 644 1833 70
812 1803 904 1832 cum
946 1795 1013 1832 tua
1056 1788 1120 1833 bis
1162 1804 1292 1835 senos
1335 1797 1576 1835 numeraret
1621 1803 1807 1848 purpura
1850 1788 2021 1842 fasces,
2468 1798 2508 1828 70

811 1898 1058 1927 caesareum
1101 1891 1223 1940 grato
1267 1886 1455 1928 cecinisti
1496 1891 1670 1943 pectore
1713 1883 1905 1927 numen?
2467 1890 2501 1919 7¹

812 1977 958 2036 quodsi
1002 1980 1083 2022 iam
1135 1978 1304 2024 validae
1351 1979 1446 2023 mihi
1486 1978 1615 2024 robur
1656 1980 1804 2023 mentis
1845 1980 2006 2022 inesset
2467 1983 2531 2013 250

544 2239 592 2263 vs.
618 2230 671 2263 57.
715 2230 796 2262 liber
819 2231 936 2262 vitiose
962 2231 1049 2264 Cort.

543 2298 591 2321 vs.
617 2290 671 2321 59.
717 2289 879 2322 astrictas
902 2290 977 2323 810.
1000 2290 1101 2332 Lugd.
1126 2291 1157 2324 3.
1180 2290 1248 2325 Bu.

543 2359 591 2383 vs.
615 2350 667 2383 60.
713 2350 858 2387 ”sembra
888 2354 1026 2382 catenae
1058 2351 1145 2382 coni.
1185 2350 1226 2383 H.
1259 2351 1336 2394 Lag.
1381 2362 1414 2394 p.
1444 2354 1522 2391 862.

457 2413 578 2440 calena
604 2410 705 2451 Lugd.
728 2411 760 2441 2.
785 2411 816 2441 3.
840 2410 957 2444 Colon.
983 2412 1014 2442 2.
1039 2410 1187 2443 Francos.
1212 2416 1245 2442 et
1267 2411 1403 2447 Amstel.

543 2479 592 2501 vs.
616 2469 669 2501 62.
714 2469 829 2501 dulcia
859 2469 938 2502 IUN.
975 2469 1040 2503 CO.
1079 2469 1141 2503 nd.
1177 2469 1237 2504 Bk.
1269 2475 1303 2503 et
1334 2480 1394 2512 pro
1428 2481 1461 2504 ν.
1498 2473 1520 2505 1.

456 2527 578 2560 Bersm.
623 2528 717 2560 dulci
751 2529 826 2562 bic.
857 2529 929 2562 Bas.
953 2529 1055 2571 Lugd.
1079 2530 1108 2562 1.
1130 2531 1163 2563 2.
1186 2530 1217 2564 3.
1248 2529 1364 2563 001011.
1389 2532 1420 2565 2.
1451 2531 1520 2565 mi.

456 2594 489 2620 et
510 2598 569 2630 pro
593 2598 624 2622 ν.
650 2588 671 2623 1.
696 2589 784 2622 Cort.
831 2589 892 2621 Pro
919 2599 1022 2621 cursu
1044 2588 1085 2622 H.
1108 2590 1184 2632 Lag.
1202 2590 1225 2623 1.
1249 2590 1269 2623 1.
1289 2591 1360 2624 vnit
1382 2602 1518 2623 rursum

456 2649 478 2681 i.
501 2659 533 2691 q.
557 2648 668 2684 πάλιν.

544 2718 593 2742 vs.
617 2709 670 2741 64.
716 2710 843 2749 inclyta
865 2708 941 2742 Slc.
965 2708 1046 2743 IUN.
1070 2709 1135 2743 Bu,
1153 2708 1219 2743 CO.
1264 2711 1383 2743 inclita
1405 2712 1476 2754 Bip.
1486 2713 1518 2745 2.

455 2769 515 2802 ud.
539 2770 599 2802 Bk.
622 2775 686 2802 etc.

542 2841 592 2863 vs.
617 2832 669 2862 67.
711 2829 751 2864 Μ.
773 2830 848 2869 Lag.
872 2840 902 2869 p.
927 2830 992 2862 863
1021 2835 1111 2869 putat
1137 2831 1290 2871 seriptum
1321 2830 1421 2864 fuisse
1449 2843 1518 2864 me-

454 2888 537 2921 ritos
564 2899 591 2920 r.
615 2893 638 2924 t.
665 2900 694 2923 e.
723 2889 878 2926 honores„

542 2958 589 2980 vs.
613 2949 665 2982 69.
689 2948 987 2992 reticeneehugda.
997 2948 1028 2980 3.
1038 2947 1116 2980 IUN.
1126 2947 1193 2983 00.
1203 2947 1264 2982 ud.
1272 2949 1374 2982 Binan
1383 2959 1443 2991 pro
1453 2949 1513 2983 v.l.

457 3008 589 3048 Bersu,
613 3018 710 3051 quam
731 3009 849 3052 probat
868 3010 910 3044 11.
928 3009 1046 3051 Lag.‚i.
1065 3019 1097 3051 q.
1110 3008 1283 3050 diligenter
1303 3009 1514 3041 auscultante.

454 3070 617 3102 retinente
638 3069 714 3103 SIC.
736 3069 810 3103 Bas.
835 3070 908 3103 uic.
931 3071 1032 3113 Lugd.
1057 3071 1085 3104 1.
1109 3070 1177 3103 1311.
1202 3069 1318 3102 Colon-
1341 3071 1374 3103 2.
1401 3075 1435 3101 et
1455 3079 1515 3111 pro

457 3139 486 3162 ν.
503 3130 545 3170 1.,
569 3140 664 3172 qnam
683 3129 824 3170 damnat,
842 3130 932 3164 θοι-ι.
949 3137 985 3165 et
998 3131 1058 3165 Bk.
1092 3132 1258 3164 recinente
1279 3129 1385 3163 voluit
1405 3129 1516 3171 Unger

454 3197 487 3230 p.
506 3190 576 3224 268
598 3200 666 3233 sq„
688 3189 795 3234 .quod
825 3200 880 3225 w.
901 3191 1039 3225 neo-&m
1062 3190 1171 3224 reddit
1198 3190 1260 3223 riba·
1287 3189 1388 3223 curia
1418 3200 1515 3223 voces

450 3253 488 3281 -et
510 3259 542 3284 v.
575 3250 727 3285 minim·
757 3261 805 3285 vs.
829 3252 867 3286 71
900 3252 1095 3296 respondet,
1123 3252 1144 3285 i.
1169 3262 1201 3295 q.
1226 3250 1444 3292 acclamante,
1479 3256 1516 3284 ut

1597 2243 1644 2266 vs.
1668 2234 1711 2265 44
1733 2237 1911 2272 retonant3
1935 2238 2002 2264 tum
2025 2231 2153 2264 maliem
2173 2231 2363 2273 plaudente.

1685 2304 1732 2325 vs.
1757 2293 1810 2326 70.
1852 2292 1997 2325 bisseno·
2029 2291 2104 2325 SIC.
2135 2291 2215 2325 IUN.
2290 2291 2339 2322 bit
2363 2300 2455 2322 senos
2490 2289 2556 2323 Bu.
2590 2290 2656 2323 CO.

1598 2352 1660 2385 nd.
1682 2353 1742 2386 Bk.
1765 2371 1808 2376 —
1823 2353 1953 2393 scaccis
1977 2352 2077 2385 Puim.
2101 2351 2186 2386 Scal.
2210 2351 2291 2384 Pith.
2312 2350 2399 2383 Cort-

1685 2423 1735 2446 νε.
1766 2413 1819 2445 71.
1878 2416 2021 2454 gratum
2055 2411 2169 2444 Colon.
2210 2411 2241 2443 1.
2299 2428 2338 2433 -—
2404 2411 2523 2442 Versus
2566 2420 2659 2453 seqq.

1599 2473 1641 2506 72
1664 2472 1786 2514 quodni
1798 2491 1835 2497 --
1849 2472 1892 2505 83
1915 2472 2092 2513 penatibus
2114 2470 2206 2511 ipsit,
2240 2469 2271 2502 h.
2294 2469 2313 2500 l.
2346 2470 2494 2508 omissos,
2527 2470 2562 2501 in
2595 2470 2660 2502 fine

1599 2533 1748 2564 carminis
1757 2538 1831 2573 post
1841 2542 1888 2565 vs.
1897 2531 2041 2571 eoeperit
2054 2548 2085 2553 -
2097 2534 2218 2567 aecem,
2237 2531 2278 2560 ita
2291 2530 2398 2560 utsint
2408 2538 2460 2567 vs.
2471 2529 2659 2567 250—261,

1597 2592 1720 2625 addunt
1739 2592 1822 2625 IUN.
1838 2592 1906 2625 Bu.
1928 2590 2039 2624 Aurei.
2057 2590 2155 2623 uniti.
2174 2588 2239 2622 00.
2260 2594 2292 2621 et
2315 2590 2373 2631 qui
2395 2588 2484 2620 hune
2507 2599 2659 2622 versuum

1596 2652 1742 2685 ordinem
1771 2651 1886 2684 frustra
1917 2650 2061 2683 defendit
2090 2649 2150 2682 Bk.
2192 2648 2259 2681 Suo
2283 2648 2360 2680 loco
2384 2649 2439 2682 hie
2462 2660 2521 2682 eos
2541 2651 2661 2683 habent

1597 2712 1674 2746 SIC.
1696 2713 1769 2745 Bas.
1791 2712 1892 2754 Lugd.
1918 2712 1948 2743 1.
1969 2712 2002 2744 2.
2024 2711 2056 2743 3.
2088 2709 2162 2744 nic.
2183 2710 2215 2742 1.
2239 2709 2274 2742 2.
2298 2709 2332 2746 3.
2360 2709 2479 2742 Colon-
2500 2711 2522 2742 2
2545 2717 2579 2743 et
2600 2712 2658 2742 Hd.

1594 2774 1740 2804 Eundem
1763 2772 1928 2803 meliorem
1953 2781 2105 2802 versuum
2139 2769 2288 2802 ordinem
2318 2776 2434 2811 poste·
2457 2777 2490 2801 et
2511 2771 2659 2803 Wernsd.

1595 2834 1629 2866 T.
1653 2833 1682 2863 V
1703 2843 1736 2873 p.
1759 2831 1843 2864 1470
1864 2831 2029 2872 perspexit
2050 2836 2085 2863 et
2108 2835 2222 2863 contra
2246 2828 2307 2863 Bk.
2339 2828 2423 2862 bene
2447 2835 2555 2863 tuetur
2576 2830 2658 2871 Ung.

1591 2901 1623 2934 p.
1646 2891 1721 2924 272.
1766 2889 1816 2925 Cf.
1838 2889 1966 2933 Proleg.
1988 2899 2020 2934 p.
2044 2890 2077 2924 4.

1676 2960 1725 2982 vs.
1749 2951 1791 2982 '72
1844 2949 1966 2992 quodsi
1978 2949 2131 2983 Francos.
2148 2949 2328 2991 etLLag„
2342 2950 2432 2991 quod
2446 2950 2477 2980 εἰ
2497 2951 2605 2981 ceteri.
2620 2967 2650 2972 -

1593 3012 1661 3043 im
1689 3011 1765 3045 SIC.
1791 3011 1866 3045 Bas.
1903 3011 2005 3053 Lngd.
2028 3011 2060 3045 1.
2083 3012 2116 3045 2.
2138 3012 2168 3044 3.
2197 3010 2264 3043 Bu.
2294 3009 2406 3042 Goion.
2432 3010 2462 3041 2.
2499 3008 2559 3040 Hd.
2585 3008 2658 3047 Bk„

1573 3075 1663 3103 tam
1684 3072 1890 3114 impugnans,
1911 3077 1944 3104 et
1965 3080 2025 3114 pro
2040 3071 2108 3105 ν.1.
2128 3071 2217 3104 Cort.
2263 3075 2333 3101 tam
2355 3069 2434 3101 IUN.
2456 3069 2570 3104 Aurel.
2594 3069 2650 3103 CO

1592 3138 1626 3165 et
1648 3142 1708 3174 pro
1730 3143 1764 3166 v.
1787 3132 1810 3165 l.
1834 3132 1957 3166 Bersm.
2000 3132 2069 3166 ι’ωι
2091 3129 2279 3171 comprobat
2298 3129 2338 3162 u.
2358 3129 2453 3171 Lag„
2478 3131 2534 3172 qui
2557 3130 2670 3163 robur·

1592 3192 1678 3226 milti
1698 3191 1796 3226 scribi
1819 3192 1899 3226 vult.
