3256 3632
2742 296 2797 341 21

528 434 581 478 In
597 433 683 477 fiae
727 432 920 490 leguntur
939 431 1069 476 haec:
1105 429 1311 474 Bas-‘leae
1346 442 1405 472 σω
1436 424 1614 471 aedibus
1635 426 1794 470 Mami
1813 426 1946 471 Petri.
1978 428 2126 473 Mense
2149 429 2327 473 Martio.
2357 428 2486 473 Arma
2508 427 2794 474 MDXXVII.

527 510 707 555 Carmen
753 517 939 555 nostrum
961 507 1008 560 1)
1040 511 1154 568 typis
1186 507 1439 565 descriptum
1470 509 1537 547 est
1577 503 1650 546 fol.
1683 502 1928 548 546-549
1964 517 2055 546 cum
2086 505 2223 547 indice
2255 507 2326 547 Ad
2355 506 2557 548 Pisonem
2586 507 2648 549 ad
2676 520 2800 565 quem

529 595 659 632 extat»
680 595 724 632 et
752 591 930 632 Horatii
970 589 1061 630 Ara
1089 589 1274 644 poetica.
1307 586 1447 632 Editio
1478 583 1605 626 hahet
1637 585 1895 636 asteriscos,
1943 582 2092 639 quibus
2124 583 2197 625 vel
2227 584 2396 625 lacunas
2428 586 2500 626 vel
2533 586 2797 643 corruptelas

525 666 819 726 signifioawy,
861 673 905 709 et
948 668 1112 724 signum
1143 665 1205 721 †‚
1239 677 1322 722 quo
1352 665 1495 707 varias
1529 665 1759 722 scripturas
1791 662 1865 705 vel
1894 662 2082 706 fortasse
2103 660 2152 718 ³)
2184 664 2449 704 coniecturas
2481 663 2642 707 indicat.
2700 664 2792 717 Qua

527 745 798 792 eae=editione
831 746 930 790 nihil
964 746 1131 807 quidem
1170 746 1272 789 novi
1313 742 1436 786 nobis
1478 742 1682 789 redundat
1723 741 1775 785 ad
1818 754 1989 784 carmen
2023 739 2293 782 Pisonianam
2337 739 2664 795 restituendum,
2715 743 2793 783 nisi

528 837 593 870 vs.
627 823 716 868 137
744 826 864 870 varia
901 826 1109 884 scriptura
1138 825 1387 879 promtus,
1422 832 1545 879 quam
1577 820 1675 864 Bas.
1708 822 1750 863 in
1780 825 2017 863 contextum
2051 820 2239 877 recepit,
2284 818 2362 862 sed
2396 817 2523 861 efficit
2556 817 2708 871 editio,
2755 826 2797 861 ut

528 900 624 960 quid
656 903 698 946 in
729 901 882 946 codice
912 912 1125 959 anonymo
1151 900 1349 958 scriptum
1380 896 1532 951 fuerit,
1568 896 1715 940 melius
1728 894 1867 951 ,nobis
1899 902 2071 938 constet.

631 975 848 1036 Reliquas
887 975 1092 1023 editiones
1115 973 1154 1034 ⁴)
1196 972 1308 1034 quod
1340 976 1485 1019 attinet
1526 974 1569 1018 in
1612 977 1806 1031 quattuor
1848 970 2028 1016 familias
2064 971 2253 1017 distribui
2284 978 2485 1033 possunt,
2529 974 2572 1016 iu
2607 970 2797 1015 Sic-liar-

524 1056 721 1110 dianam,
773 1053 997 1099 Iunianum
1010 1086 1025 1109 ,
1073 1053 1462 1097 Bersmannianam
1505 1057 1547 1096 et
1578 1050 1853 1107 Gordianum,
1915 1048 2062 1109 quibus
2106 1051 2298 1108 singulae
2338 1051 2544 1096 accedunt
2587 1049 2794 1095 editiones

524 1131 742 1177 Heldiana
767 1138 811 1177 et
839 1132 1079 1176 Beckiana.

642 1209 714 1255 Ad
744 1209 1077 1253 Sidam-dianam
1107 1204 1344 1269 pertinent,
1397 1219 1506 1265 quae
1537 1204 1618 1251 XII
1648 1205 1745 1251 illos
1777 1219 1930 1251 versus
1963 1219 2046 1249 non
2091 1208 2131 1250 in
2176 1206 2257 1250 fine
2302 1208 2523 1262 carminis,
2577 1205 2654 1251 sed
2697 1213 2794 1266 post

527 1300 592 1331 vs.
623 1286 679 1331 71
713 1286 870 1332 habent
899 1294 941 1332 et
973 1292 1216 1332 contextum
1248 1283 1555 1330 Sichardianae
1584 1283 1834 1343 plerumque
1874 1286 1930 1327 ita
1965 1290 2183 1342 repetunt,
2234 1291 2277 1329 ut
2311 1284 2380 1329 vel
2411 1283 2511 1327 nihil
2543 1284 2614 1329 vel
2648 1298 2793 1343 parum

521 1365 562 1408 in
595 1376 650 1409 eo
682 1366 1040 1410 commutaverint.
1072 1363 1164 1408 Huc
1188 1360 1442 1407 referendae
1467 1368 1563 1407 sunt
1586 1361 1634 1419 ⁵]
1667 1361 1924 1406 Basileensis
1949 1360 1998 1419 ⁵]
2027 1360 2176 1415 1534,
2209 1360 2501 1418 Lugdunensis
2528 1361 2546 1405 1
2570 1362 2610 1414 ⁷)
2648 1361 2785 1415 1540,

521 1437 799 1499 Mic-yllianal
820 1441 858 1499 8)
890 1441 1022 1497 1549,
1055 1440 1349 1499 Lugdunensis
1369 1438 1407 1483 11
1430 1438 1479 1497 9.)
1505 1439 1642 1496 1550,
1665 1438 1958 1497 Lugdunensis
1983 1438 2040 1482 III
2065 1438 2122 1494 ¹⁰)
2154 1437 2289 1493 1555,
2314 1437 2581 1482 Coloniensis
2605 1439 2664 1496 ¹¹)
2684 1450 2718 1481 s.
2735 1452 2791 1491 ει,

574 1580 621 1634 1)
650 1586 856 1621 Praeceduut
882 1587 941 1621 fol.
970 1587 1057 1632 544,
1087 1588 1108 1621 b
1132 1588 1377 1634 Fraqmeucum
1404 1587 1525 1621 otidis·
1549 1590 1626 1623 Na-
1705 1587 1802 1621 sione
1831 1588 1855 1621 1.
1876 1588 1998 1633 Micyni
2023 1587 2292 1621 Francofurtensi
2322 1587 2419 1620 1575
2447 1590 2482 1620 et
2503 1585 2665 1631 Lipsiensi
2696 1583 2792 1617 1612

521 1640 618 1672 sonis
645 1644 823 1682 repertu·
855 1649 969 1684 nuper
994 1641 1034 1673 in
1059 1641 1293 1674 vetuuissimo
1319 1640 1444 1673 codice
1474 1650 1521 1673 ea.-
1548 1643 1626 1685 epi-

520 1690 751 1735 yrun-matis,
780 1689 869 1735 qnod
896 1690 1031 1737 incipit:
1075 1689 1156 1726 Noa·
1175 1695 1254 1725 erat
1279 1695 1314 1725 et
1339 1700 1484 1727 somnus
1512 1689 1625 1728 lassos

517 1737 676 1786 submisit
702 1740 833 1791 accitos
860 1746 923 1777 etc.
939 1768 951 1786 ‚
979 1746 1014 1778 et
1036 1741 1096 1777 fol.
1128 1741 1224 1785 545,
1261 1742 1354 1777 a—b
1386 1742 1554 1779 Eiusdem
1580 1755 1627 1779 es·

519 1787 781 1838 epigrammatis
806 1793 897 1837 quod
936 1793 1069 1839 incipit:
1100 1794 1276 1837 Quantum
1296 1794 1472 1839 Vsrqilius
1498 1806 1625 1840 maqno

517 1843 692 1878 concessit
717 1842 871 1880 Homero
901 1848 965 1879 etc.

569 1888 619 1990 2)
647 1893 704 1929 Vs.
733 1894 781 1930 52
807 1890 925 1943 (deest
950 1904 1049 1931 versu
1079 1890 1174 1942 120)
1201 1897 1235 1929 et
1261 1904 1312 1929 vs.
1343 1894 1429 1931 207.

570 1945 593 1979 3
640 1946 701 1980 Vs.
732 1945 818 1980 128.
845 1945 930 1982 137.
960 1946 1046 1980 177.
1075 1945 1161 1979 215.
1188 1944 1275 1979 243.
1303 1945 1390 1980 251.

570 1993 616 2042 4)
643 1995 709 2032 Eas
736 2007 798 2033 nos
826 1995 892 2043 ipsi
919 1996 1059 2033 vidimus
1086 1999 1186 2042 atque
1214 1995 1432 2041 contulimus,
1467 1997 1529 2033 nisi
1560 1998 1615 2034 ubi

519 2047 715 2083 collationes
735 2048 808 2083 aliis
837 2048 953 2083 deberi
976 2048 1151 2087 indicatum
1179 2051 1241 2082 est.

556 2093 618 2147 ·5)
645 2097 698 2134 Ex
733 2098 881 2135 editione
922 2098 1134 2135 Sichardiana
1172 2098 1319 2143 prodiit,
1370 2101 1404 2133 ut
1440 2099 1619 2137 verisimile

516 2154 579 2193 est,
607 2150 732 2194 altera,
758 2161 854 2196 quam
882 2150 1135 2196 benignissimus
1163 2150 1200 2185 C.
1228 2149 1265 2185 B.
1296 2148 1383 2183 naso
1410 2149 1443 2185 iu
1472 2150 1617 2197 quinque

518 2202 728 2238 bibliothecis
757 2202 911 2237 Parisinis
938 2206 973 2237 et
999 2212 1069 2248 ego
1097 2202 1130 2236 in
1157 2201 1330 2236 Germania
1361 2200 1482 2237 frustra
1509 2213 1615 2247 qnae-

519 2253 675 2296 sivimus,
704 2254 748 2287 ita
776 2259 811 2289 ut
835 2254 878 2288 da
906 2264 945 2288 ea
973 2253 1123 2289 dubitare
1149 2253 1284 2298 possis,
1313 2252 1372 2287 sed
1401 2254 1511 2289 laudat
1538 2265 1609 2289 eam

517 2304 581 2341 hoc
608 2304 738 2341 indice:
784 2305 901 2342 Ovidii
927 2316 1038 2352 opera
1065 2304 1251 2341 amatoria.
1294 2321 1345 2330 -
1387 2305 1536 2342 Carmen
1564 2306 1613 2342 ud

519 2357 680 2392 Pisonem
696 2357 826 2392 incerti
849 2357 1021 2392 authoris.
1037 2357 1151 2392 Paris.
1172 2356 1254 2391 Sin.
1279 2355 1471 2393 Coun-aeus
1500 2357 1610 2394 1529.

514 2407 646 2444 &vot
662 2407 787 2444 1—111.
811 2410 946 2444 Panzer.
962 2410 1000 2445 T.
1015 2408 1090 2444 vul
1110 2420 1142 2455 p.
1163 2406 1236 2443 123
1258 2407 1314 2444 Nr.
1333 2406 1432 2443 1799
1452 2421 1496 2445 ex
1507 2410 1609 2446 Catal.

513 2460 626 2496 I’Inell.
664 2460 701 2496 T.
719 2460 774 2495 ·11.
810 2472 842 2506 p.
872 2460 949 2496 328
993 2465 1027 2496 et
1062 2460 1105 2495 de
1143 2460 1173 2496 la
1199 2459 1285 2494 Vall.
1322 2460 1357 2495 Ρ.
1385 2460 1414 2495 11
1448 2461 1526 2497 Vol.
1561 2462 1608 2498 lv

513 2510 622 2558 p.3t;
652 2511 789 2548 eandem
815 2513 849 2548 in
869 2513 1015 2548 manibus
1042 2512 1196 2548 hahuisse
1225 2510 1378 2547 videntur
1390 2512 1514 2549 Brunet
1532 2514 1607 2549 Ha-

514 2563 600 2599 nnel.
628 2563 665 2599 T.
684 2563 740 2599 III.
768 2575 799 2609 p.
829 2564 903 2601 592
941 2569 975 2599 et
1000 2564 1202 2611 Schweiger
1232 2564 1270 2598 T.
1296 2563 1327 2599 11
1360 2576 1393 2611 p.
1417 2565 1502 2599 627.
1534 2565 1605 2601 Re-

513 2617 616 2660 petita
644 2621 720 2650 esse
747 2614 853 2651 fertur
880 2616 980 2651 Paris.
1012 2612 1106 2651 1541
1140 2615 1206 2663 (cf.
1225 2614 1354 2651 Fabric.
1382 2616 1417 2652 B.
1445 2617 1512 2652 Lat.
1539 2618 1608 2653 'nt

511 2678 543 2713 p.
572 2662 778 2753 470¹Em.)
807 2672 840 2702 et
868 2666 990 2712 15453
1018 2668 1060 2703 ci.
1088 2668 1213 2704 I‘iueltii
1245 2666 1347 2701 Catal.
1377 2668 1414 2702 T.
1433 2669 1462 2703 11
1489 2669 1606 2714 p.35o

515 2718 570 2753 Νι.
598 2718 648 2752 48
676 2717 711 2752 9.

562 2765 611 2819 6)
637 2771 673 2805 In
702 2769 813 2807 Ovidii
840 2772 1019 2817 operibus,
1071 2775 1105 2806 ut
1134 2782 1249 2808 omnes
1289 2780 1375 2819 quae
1414 2775 1604 2816 aequantur.

510 2820 600 2858 lianc
638 2822 818 2859 editionem
853 2832 898 2858 ex
932 2822 1140 2870 antiquiore,
1184 2829 1218 2860 ut
1254 2827 1347 2861 recte
1381 2823 1598 2866 dirimunt,

511 2872 685 2919 repetitam
696 2872 839 2909 seckin-
862 2885 895 2922 p.
907 2873 995 2918 xm,
1022 2873 1114 2909 solus
1139 2885 1179 2910 ea
1201 2886 1300 2920 nsns,
1328 2875 1471 2920 pessime
1500 2874 1609 2910 inter-

507 2923 651 2970 polatam
694 2934 772 2960 essa
808 2926 893 2961 male
928 2928 1066 2969 censet3
1116 2936 1190 2961 nam
1223 2928 1373 2973 principe
1406 2926 1611 2971 aliquatenus

508 2975 713 3013 emendatior
740 2977 877 3016 meliors
903 2979 957 3014 hic
982 2977 1049 3013 illic
1067 2979 1217 3023 praebet,
1244 2979 1272 3014 si
1291 2978 1405 3014 Beckii
1434 2979 1603 3023 excerptis

506 3028 589 3064 tides
615 3031 667 3063 est
690 3027 859 3076 habenda3
897 3028 939 3066 cl.
966 3040 1014 3065 vs.
1044 3028 1105 3065 25.
1138 3029 1198 3066 76.
1226 3029 1312 3066 233.
1341 3028 1428 3064 239.
1484 3028 1608 3065 Eadem

507 3091 555 3116 vs.
578 3079 650 3116 120
671 3080 818 3116 lacunam
842 3082 1006 3118 vocabulo
1025 3083 1276 3129 meaasupplet,
1304 3093 1354 3116 vs.
1378 3082 1426 3119 52
1457 3081 1601 3117 mutilum

506 3133 642 3176 sine-*nn
667 3132 765 3170 hebet
791 3136 825 3167 et
850 3133 972 3169 variam
1000 3133 1192 3179 scripturam
1218 3134 1262 3169 ct
1292 3133 1378 3169 137.

556 3179 604 3232 7)
633 3182 689 3220 Iul.
717 3183 874 3230 nemius,
909 3188 1004 3231 qua'm
1030 3185 1103 3231 ipse
1123 3185 1335 3229 contulerat,
1374 3196 1446 3221 cnm
1473 3194 1596 3220 recen-

1700 1641 1960 1674 concordantem
1991 1641 2127 1673 invenit.
2179 1640 2341 1674 Lacunam
2377 1639 2509 1682 supplet
2543 1648 2591 1671 vs.
2622 1637 2689 1678 52,
2733 1637 2793 1670 sed

1700 1701 1765 1736 qua
1800 1691 1996 1726 auctoritate
2033 1690 2067 1725 id
2104 1689 2223 1725 lactum
2259 1691 2323 1733 sit,
2366 1700 2432 1724 nou
2467 1692 2608 1724 constat.
2644 1688 2790 1723 Bruaeto

1698 1746 1836 1778 auclore
1870 1738 1978 1790 (Hau.
2016 1742 2051 1776 Τ.
2079 1742 2124 1776 Ill
2159 1754 2193 1788 p.
2222 1739 2321 1788 592)
2359 1745 2431 1776 orta
2470 1745 2522 1776 est
2557 1750 2630 1775 cum
2670 1740 2790 1774 ceteris

1696 1794 1971 1837 Lugdunensibus
2000 1804 2043 1828 ex
2072 1795 2215 1829 Parisina
2247 1793 2355 1829 1529.

1747 1843 1793 1892 8)
1822 1846 1938 1880 Varias
1962 1846 2141 1890 scripturas
2160 1847 2244 1889 ejus,
2266 1856 2352 1889 qnae
2370 1844 2402 1877 ia
2423 1843 2499 1878 Vol.
2517 1842 2547 1876 II
2561 1854 2596 1888 p.
2608 1840 2786 1877 518-24

1696 1906 1835 1942 operum
1877 1896 1988 1931 Ovidii
2036 1896 2244 1939 continetur,
2289 1895 2477 1931 carissimus
2515 1893 2662 1928 Scheiln
2697 1893 2787 1928 Prot.

1694 1947 1860 1991 gymnasii
1876 1947 2133 1981 Vitzthumeusis
2162 1949 2239 1982 mihi
2265 1947 2445 1990 excerpsit.
2497 1946 2698 1980 Contextnni
2721 1945 2787 1978 Ιί-

1694 1997 1800 2042 cyllus
1827 2008 1893 2033 non
1919 2009 1962 2032 ex
1991 1997 2130 2041 codice,
2157 2003 2190 2033 ut
2217 1997 2303 2033 falso
2331 1996 2545 2031 Wernsdorl'.
2571 2007 2605 2042 p.
2631 1994 2680 2029 47
2709 1996 2788 2042 opi-

1694 2053 1809 2091 natur,
1849 2050 1907 2084 sed
1951 2060 1995 2083 ex
2035 2050 2182 2085 editione
2220 2050 2317 2084 Basil.
2358 2048 2456 2082 1534
2490 2052 2525 2082 et
2560 2058 2604 2083 ex
2637 2048 2785 2090 Lugduu.

1695 2098 1796 2135 1540
1823 2095 1890 2147 (cf.
1917 2111 1965 2134 vs.
1979 2099 2041 2134 44.
2066 2101 2125 2136 52.
2149 2101 2209 2137 90.
2240 2100 2333 2142 174)
2361 2099 2496 2141 sumsit3
2525 2098 2611 2133 idern
2637 2097 2785 2142 singulas

1690 2152 1830 2187 aliorum
1840 2151 1966 2186 addidit
1980 2153 2243 2196 emendationes,
2263 2152 2305 2187 cf.
2321 2162 2367 2184 vs.
2379 2150 2430 2185 44
2445 2161 2597 2195 namque
2611 2149 2681 2191 ubi,
2694 2149 2784 2190 Piso,

1690 2201 1759 2237 151
1777 2202 1926 2246 neb-Iis,
1955 2202 2033 2237 238
2052 2209 2177 2249 9estu‚·
2203 2205 2276 2249 ipse
2305 2203 2384 2237 nihil
2408 2203 2487 2237 novi
2514 2202 2556 2235 de
2581 2211 2642 2235 suo
2668 2201 2784 2234 attulit.

1740 2250 1789 2301 9)
1816 2254 1872 2289 Iu:
1903 2255 1938 2289 Ρ.
1968 2255 2089 2290 Ovidii
2121 2257 2200 2290 Nos.
2229 2256 2428 2296 amatoria,
2465 2253 2561 2298 apud
2586 2252 2660 2287 δώ.
2690 2253 2784 2296 Gry-

1683 2306 1825 2351 phium,
1872 2306 2037 2353 Lugduni
2070 2306 2183 2343 1550.
2215 2305 2261 2342 12
2289 2318 2322 2353 p.
2349 2303 2538 2341 407-16.
2565 2304 2783 2340 collationem

1683 2358 1755 2393 eius
1781 2358 1890 2394 debeo
1913 2358 2169 2395 benevolentiae
2198 2360 2237 2394 C.
2263 2358 2298 2393 Β.
2327 2357 2425 2393 Hasii.
2475 2357 2527 2391 Ex
2552 2357 2655 2390 tribus
2685 2355 2783 2399 Lug-

1682 2410 1882 2446 dunensibus
1911 2412 2034 2457 optima
2059 2413 2164 2447 editio
2194 2411 2322 2447 recedit
2346 2421 2364 2445 a
2393 2409 2493 2455 prima
2519 2410 2552 2443 in
2578 2407 2655 2442 xlv
2687 2408 2783 2449 locis,

1681 2458 1749 2509 (cf.
1773 2473 1822 2497 vs.
1850 2461 1912 2498 35.
1941 2464 2002 2498 44.
2030 2461 2090 2499 69.
2118 2464 2177 2498 97.
2207 2462 2291 2497 126.
2320 2460 2404 2496 151.
2433 2460 2506 2494 158
2536 2454 2639 2508 ete.),
2666 2460 2783 2503 quibus

1680 2512 1755 2550 fere
1782 2525 1914 2560 semper
1940 2516 2111 2551 meliorem
2139 2515 2285 2550 exhibuit
2325 2513 2525 2555 lectionem,
2567 2512 2627 2547 sed
2658 2516 2693 2546 et
2722 2522 2782 2546 er-

1679 2577 1775 2601 rores
1804 2569 2072 2613 typographicos
2102 2567 2311 2610 emendavit,
2353 2566 2424 2611 ipsa
2454 2565 2618 2599 commisit
2646 2574 2781 2609 paucos,

1680 2617 1722 2652 cl'.
1751 2617 1811 2652 60.
1842 2616 1925 2651 116.

1735 2668 1801 2709 10)
1836 2669 1871 2703 Iu
1907 2669 2016 2703 Ovidii
2057 2668 2222 2703 amatoriis
2259 2668 2412 2711 Lugduni
2456 2667 2544 2712 apud
2578 2667 2656 2702 Ani.
2694 2666 2780 2699 Vin-

1686 2721 1827 2755 centium
1869 2719 1976 2754 1555.
2035 2718 2099 2762 12;
2152 2720 2247 2754 aliam
2280 2719 2464 2754 editionem
2501 2719 2651 2763 Lugduni
2694 2719 2779 2762 apud

1679 2774 1857 2818 Gryphium
1872 2773 1959 2816 typis
1973 2783 2002 2806 a.
2024 2771 2121 2805 1554
2136 2782 2330 2817 expressam
2344 2772 2455 2806 laudat
2470 2771 2683 2806 Wernsdorf.
2704 2770 2778 2804 'LV

1679 2835 1712 2869 p.
1748 2823 1868 2865 1469,
1900 2824 1986 2858 uude
2012 2834 2069 2858 sna
2102 2824 2202 2858 habet
2226 2823 2430 2867 Lemnii-ins,
2465 2823 2525 2858 sed
2553 2823 2641 2859 falso
2663 2832 2779 2856 ausum

1685 2873 1794 2909 1534.
1821 2873 1939 2909 Nostra
1951 2874 2145 2920 plerumqne
2160 2874 2317 2921 adLugd.
2337 2874 2354 2909 1
2373 2872 2675 2922 rediit(cl'.vs.44.
2696 2871 2778 2905 151.

1686 2925 1770 2960 158.
1807 2924 1892 2959 182.
1923 2925 1998 2960 242
2028 2922 2137 2974 etc.)‚
2182 2938 2304 2973 pancas
2340 2928 2501 2962 lectiones
2528 2926 2633 2971 langd-
2659 2924 2682 2958 2
2714 2923 2778 2964 (cf-

1683 2977 1803 3013 vs.35.
1824 2973 1898 3027 69)
1914 2979 2074 3023 servavit,
2103 2990 2238 3015 errores
2261 2979 2524 3025 typographicos
2533 2976 2605 3025 (vs.
2621 2974 2777 3014 19.125.

1683 3027 1755 3065 166
1786 3024 1875 3078 etc.)
1896 3034 2034 3077 praeter
2061 3035 2196 3067 veteres
2226 3026 2302 3079 (vs.
2317 3030 2377 3067 79.
2402 3031 2463 3066 88.
2489 3024 2572 3077 etc.)
2599 3027 2777 3071 conmisit,

1678 3092 1765 3117 nova
1795 3082 1857 3116 nisi
1885 3082 1975 3118 forte
2011 3094 2061 3118 vs.
2089 3083 2150 3118 90.
2182 3083 2255 3118 154
2284 3093 2351 3119 non
2378 3082 2527 3129 praebet,
2553 3082 2689 3117 omnino
2715 3090 2779 3116 ee-

1676 3134 1757 3169 teris
1788 3134 2063 3179 Lugdunensibus
2089 3135 2314 3181 posthabenda
2337 3139 2399 3169 est.

1731 3180 1804 3234 11)
1829 3186 1941 3223 Editio
1974 3187 2182 3224 coloniensis
2219 3198 2246 3221 s.
2287 3196 2336 3229 a.,
2379 3184 2613 3230 disti-geend-
2647 3185 2688 3220 ah
2723 3195 2776 3226 ea,

2459 3295 2524 3339 3*
