3256 3632
2723 327 2778 371 15

507 470 551 510 et
578 466 624 510 in
650 462 744 510 aliis
776 461 905 510 rebus
930 463 1120 507 >metricis
1142 457 1403 517 singularem
1428 455 1543 502 illam
1575 458 1912 504 convenientiam
1938 460 2152 518 utriusque
2180 466 2334 520 poetae
2361 457 2638 515 desideravi3
2671 472 2778 505 cae-

506 547 627 588 suras
668 539 722 588 inl
751 542 835 586 fine
875 540 985 583 tertii
1028 536 1149 598 pedis
1200 534 1383 580 adhibuit
1422 535 1675 595 Anonymus
1717 538 1876 596 septies
1902 534 1977 595 ¹),
2041 535 2287 596 Calpurnius
2333 539 2466 583 octies
2487 536 2565 596 2),
2630 538 2687 581 ita
2739 545 2781 583 ut

506 620 578 670 ille
619 619 730 664 huno
771 615 931 660 duabus
971 614 1067 659 fere
1108 613 1294 675 partibus
1337 627 1396 658 ex
1436 612 1568 657 tribus
1599 620 1798 672 superet;
1854 627 2056 658 caesuras
2099 613 2314 658 bucolicas
2344 614 2619 674 Panegyrista
2652 612 2780 659 habet

509 695 631 752 xm,
664 693 914 754 Calpurnius
944 692 1064 749 LIII,
1105 693 1160 737 ita
1195 699 1240 737 ut
1270 691 1464 750 singulae
1498 691 1608 752 apud
1639 691 1755 735 illum
1787 693 1829 736 in
1861 693 2026 737 vicenis
2059 692 2282 747 versibus,
2316 692 2425 751 apud
2455 693 2563 736 hunc
2594 696 2635 737 in
2668 707 2779 750 qua-

506 774 639 819 ternis
671 771 788 818 denis
819 771 1022 827 redeant3
1057 770 1240 830 denique
1271 769 1521 830 Calpurnius
1553 783 1753 815 caesuras
1785 769 2018 831 dactylicas
2051 772 2093 814 in
2127 770 2213 814 fine
2245 772 2371 829 quinti
2406 769 2527 830 pedis
2564 773 2778 829 quinquies
2839 776 2842 778 ’

509 850 697 907 admisit,
749 850 1029 908 Panegyrista
1072 845 1186 891 nullo
1228 859 1371 891 versu.
1433 845 1544 889 Nihil
1580 849 1704 903 igitur
1737 847 1791 890 de
1826 847 2052 907 Calpurnio
2085 851 2337 908 panegyrici
2367 849 2579 892 Pisoniani
2608 854 2778 891 auctore

509 944 567 975 ex
596 930 661 974 his
692 929 835 984 colligi
856 931 1008 985 potest.
1053 925 1261 970 Orationis
1295 930 1430 969 autem
1463 926 1504 968 in
1535 926 1800 984 panegyrico
1822 925 1985 969 Pisonis
2019 932 2059 970 et
2091 930 2133 970 in
2164 927 2325 983 eclogis
2348 925 2642 985 Calpurnianis
2673 938 2781 968 con-

509 1007 719 1051 venientia
737 1006 887 1048 vminoi·
920 1009 1093 1061 apparet
1116 1005 1262 1061 (certe
1293 1005 1335 1047 in
1358 1002 1511 1059 ecloga
1533 1008 1698 1060 quarta,
1731 1008 1904 1061 praeter
1935 1008 2101 1046 ceteras
2134 1003 2258 1059 digna
2289 1010 2462 1062 propter
2492 1002 2639 1047 laudes
2663 1002 2782 1046 Cae-

509 1086 632 1138 saris,
666 1097 774 1142 quae
796 1096 887 1126 cum
910 1081 1149 1126 laudatione
1171 1081 1336 1126 Pisonis
1358 1086 1626 1139 comparetur
1648 1079 1702 1135 3),
1735 1079 1887 1125 nedum
1910 1081 1951 1124 in
1980 1082 2134 1124 ceteris
2155 1078 2364 1138 eclogis),
2397 1095 2519 1139 quam
2545 1086 2588 1125 ut
2611 1093 2781 1124 carmen

509 1162 813 1221 panegyricum
844 1164 885 1202 et
917 1156 1152 1202 bucolicum
1196 1162 1385 1216 quartum
1426 1155 1478 1200 ab
1516 1156 1670 1202 eodem
1710 1162 1837 1216 poeta
1869 1156 2060 1216 profecta
2094 1170 2193 1201 esse
2226 1156 2298 1201 tibi
2331 1157 2590 1216 persuadere
2625 1157 2780 1216 possis.

508 1239 606 1298 Ipse
646 1236 966 1281 Wernsdorfius
1009 1242 1149 1279 monet
1188 1242 1316 1280 totam
1357 1235 1469 1279 illam
1503 1234 1715 1293 Calpurnii
1760 1234 1952 1290 eclogam
1999 1234 2256 1279 verbositate
2298 1235 2497 1279 laborare
2539 1232 2780 1285 immodica,

510 1329 619 1374 quae
652 1317 693 1359 in
725 1317 989 1375 panegyrico
1025 1313 1189 1359 Pisonis
1221 1327 1307 1358 non
1336 1309 1675 1371 deprehenditur.
1738 1309 1793 1355 Et
1825 1324 1934 1369 quae
1963 1309 2163 1370 Hauptius
2197 1318 2418 1370 praeterea
2448 1311 2501 1356 ad
2533 1310 2780 1355 sententiam

510 1406 628 1437 suam
659 1392 948 1438 stabiliendam
983 1391 1147 1453 profert
1179 1390 1234 1436 de
1257 1390 1424 1450 aequali
1446 1392 1556 1436 vitae
1581 1387 1821 1434 conditione
1844 1394 1885 1433 et
1911 1387 1964 1433 de
1987 1391 2166 1435 nominis
2189 1389 2431 1449 adoptione,
2463 1391 2519 1433 ita
2544 1391 2781 1444 comparata

509 1477 619 1525 sunt,
654 1477 698 1514 ut
719 1473 813 1529 ipse
843 1470 1045 1529 Hauptius
1077 1472 1129 1514 iis
1161 1482 1246 1514 non
1283 1469 1452 1512 multum
1485 1466 1687 1512 tribuerit.
1732 1465 1848 1511 Idem
1872 1466 1911 1523 ⁴)
1947 1469 2060 1511 enim
2073 1467 2312 1525 profitetur,
2346 1481 2455 1526 quae
2475 1466 2530 1511 de
2555 1464 2782 1523 Calpurnio

512 1547 733 1591 laudatore
768 1547 953 1602 dixerit,
987 1549 1146 1591 incerta
1180 1546 1404 1590 admodum
1437 1559 1536 1591 esse
1569 1551 1610 1589 et
1641 1559 1691 1589 se
1722 1546 1924 1588 incertum
1956 1558 2062 1589 sane
2102 1547 2383 1590 coniecturam
2417 1544 2472 1589 de
2504 1548 2676 1587 auctore
2702 1554 2785 1600 pa-

511 1625 705 1682 negyrici
738 1623 948 1668 Pisoniani
981 1624 1151 1669 fecisse.

632 1701 753 1753 Quae
785 1715 906 1759 quum
938 1704 993 1744 ita
1027 1704 1125 1756 sint,
1158 1702 1360 1758 reliquum
1391 1707 1455 1744 est
1487 1708 1530 1744 ut
1562 1703 1604 1744 in
1635 1703 1884 1744 sententiam
1912 1699 2178 1744 discedamus
2213 1715 2378 1755 eorum,
2421 1703 2490 1758 qui
2517 1711 2675 1743 nomen
2697 1695 2784 1740 Pa-

511 1777 995 1835 negyristae·l'isoniani
1018 1778 1098 1823 sibi
1119 1781 1376 1836 incognitum
1410 1793 1509 1824 esse
1540 1782 1725 1837 ingenue
1746 1778 1929 1823 fatentur
1951 1776 2017 1836 5),
2050 1776 2127 1822 sed
2146 1784 2330 1836 poetam,
2365 1780 2432 1837 qui
2455 1778 2595 1824 humili
2619 1780 2666 1840 6)
2687 1779 2782 1827 loco

511 1853 690 1898 necdum
716 1857 861 1911 viginti
882 1870 1016 1900 annos
1037 1863 1156 1899 natus
1179 1860 1375 1913 tenuique
1399 1871 1449 1901 re
1470 1857 1665 1900 familiari
1680 1870 1911 1914 oppressus
1927 1855 1979 1897 ad
2001 1868 2153 1912 preces
2174 1856 2484 1908 descendisset,
2505 1856 2580 1899 sub
2604 1858 2781 1915 imperio

511 1931 694 1975 Neronis
726 1934 891 1977 vixisse
921 1934 1191 1992 suspicantur.
1266 1931 1384 1976 Haec
1417 1938 1483 1976 est
1513 1935 1719 1976 sententia
1754 1931 1793 1975 J.
1829 1930 1958 1991 Lipsii
1983 1929 2029 1988 7]
2063 1938 2104 1975 et
2137 1929 2310 1975 aliorum
2343 1939 2438 1991 post
2472 1948 2567 1977 eum
2599 1936 2783 1994 inprimis

511 2008 549 2051 J.
569 2007 707 2052 Heldii
731 2014 771 2052 et
791 2009 840 2053 R.
863 2010 1021 2068 Ungeri
1045 2011 1094 2067 8).
1140 2010 1267 2054 Solus
1289 2009 1335 2054 C.
1354 2009 1405 2054 G.
1428 2009 1579 2069 Heyne
1603 2009 1651 2067 ⁹)
1686 2016 1897 2053 auctorem
1931 2012 2286 2069 panegyricorum
2319 2010 2373 2055 ad
2394 2010 2622 2056 Messalam
2655 2020 2695 2057 et
2728 2012 2781 2057 ad

513 2083 708 2144 Calpurn.
731 2085 925 2131 Pisonem
957 2087 1036 2132 sibi
1069 2090 1282 2147 persuasit
1314 2087 1494 2132 eundem
1527 2101 1627 2132 esse
1659 2090 1956 2150 atquebpriore
1988 2093 2178 2146 tempore
2208 2087 2419 2142 floruisse,
2451 2087 2528 2134 sed
2549 2103 2672 2135 nemo
2697 2105 2781 2135 non

512 2164 667 2206 sentiet
707 2167 1011 2222 panegyricum
1051 2171 1238 2209 nostrum
1281 2167 1470 2209 oratione
1512 2179 1587 2209 sua
1633 2165 1810 2224 simplici
1854 2172 1895 2209 et
1927 2168 2067 2209 nativa
2099 2164 2150 2209 ab
2184 2165 2320 2209 altero
2352 2166 2509 2220 sterili,
2574 2170 2781 2226 quaesito,

516 2239 731 2284 coloribus
776 2241 995 2287 rhetoricis
1041 2243 1182 2288 fucato
1224 2243 1391 2287 multum
1437 2243 1631 2299 differre,
1689 2249 1730 2287 et
1761 2243 1943 2300 linguam
1977 2245 2191 2300 utriusque
2234 2242 2453 2287 admodum
2495 2258 2594 2289 esse
2634 2245 2785 2289 diver-

513 2329 631 2372 sam,
686 2324 727 2362 et
762 2332 960 2364 versuum
1004 2323 1349 2381 compositionem
1385 2323 1427 2365 in
1453 2327 1630 2381 utroque
1664 2320 1907 2380 discrepare
1930 2318 2013 2378 10).
2085 2317 2245 2363 Eadem
2280 2319 2333 2363 de
2366 2334 2492 2367 causa
2525 2335 2605 2365 nec
2634 2321 2783 2366 Beckii

513 2396 719 2438 sententia
761 2401 875 2441 stare
916 2403 1080 2457 potest,
1140 2399 1209 2457 qui
1233 2391 1302 2456 11)
1351 2402 1570 2443 auctorem
1627 2399 1877 2457 panegyrici
1918 2397 1972 2441 ad
2017 2396 2241 2442 Messalam
2285 2410 2457 2441 carmen
2498 2403 2689 2444 nostram
2731 2399 2785 2443 ob

518 2471 667 2516 oculos
697 2471 899 2518 habuisse
931 2481 1092 2521 censet.
1133 2474 1300 2522 Etenim
1325 2489 1464 2535 neque
1486 2483 1633 2523 noster
1664 2479 1707 2521 in
1730 2477 1992 2536 panegyrico
2026 2489 2103 2522 suo
2133 2482 2300 2535 poetam
2333 2476 2459 2521 ullum
2485 2477 2554 2538 ¹2]
2587 2478 2787 2524 imitando

568 2580 615 2633 1)
643 2584 701 2620 Vn.
731 2587 765 2622 5.
796 2586 857 2623 97.
886 2588 946 2624 99.
977 2587 1061 2624 120.
1095 2588 1179 2625 144.
1209 2588 1297 2626 186.
1323 2588 1410 2626 254.
1686 2606 1738 2612 -
1753 2588 1913 2634 ρει-ἱεραί
1932 2598 1977 2621 ac
2003 2592 2191 2632 comparet,
2219 2604 2270 2611 —
2297 2595 2423 2624 auctor
2450 2602 2528 2625 sum
2553 2592 2645 2626 odeo
2672 2595 2787 2631 simite

565 2634 611 2681 2)
640 2637 689 2671 Cf.
716 2639 779 2674 ecl.
803 2640 839 2683 1,
879 2639 925 2674 13
955 2637 1043 2689 (?);
1081 2642 1131 2685 11,
1160 2642 1222 2676 44.
1251 2642 1324 2687 663
1358 2643 1416 2686 111,
1446 2642 1514 2688 333
1572 2644 1616 2687 V,
1687 2642 1789 2676 istius
1824 2645 1857 2675 et
1893 2640 2076 2674 sententiis
2113 2643 2146 2673 et
2180 2640 2355 2676 orationis
2391 2643 2512 2679 colore
2537 2644 2785 2690 deprehendet,

516 2687 603 2725 105.
631 2687 716 2724 109.
752 2689 842 2735 1203
886 2691 949 2736 VI,
988 2693 1047 2728 53.
1100 2694 1136 2729 In
1163 2695 1224 2729 ecl.
1262 2694 1309 2728 lv
1338 2698 1373 2729 et
1408 2695 1469 2730 vn
1496 2695 1615 2730 nullum
1687 2698 1725 2728 ut
1751 2693 1795 2727 ab
1831 2692 1953 2727 eodem
1986 2696 2132 2726 auctore
2167 2696 2358 2738 utrumque
2390 2696 2588 2740 profectum
2617 2708 2694 2734 esse
2718 2700 2787 2735 sibi

514 2742 626 2776 inveni
654 2743 853 2788 exemplum.
1683 2745 1795 2788 facile
1819 2743 2043 2789 persuadeat.
2097 2742 2227 2777 Similes
2275 2751 2351 2781 sunt
2388 2749 2573 2783 sententiae
2605 2754 2721 2796 utpote
2754 2753 2785 2786 in

567 2789 616 2838 3)
638 2793 736 2835 Quod
764 2794 844 2829 fecit
870 2795 1082 2832 Wernsdori'.
1112 2796 1148 2832 Τ.
1176 2797 1224 2833 1v
1249 2809 1282 2843 p.
1311 2797 1362 2832 44
1388 2801 1457 2834 not.
1687 2796 1807 2832 eodem
1833 2795 1984 2829 carminis
2012 2804 2153 2838 genere.

566 2840 615 2942 43
643 2845 665 2881 Ι,
694 2845 716 2880 Ι.
739 2856 771 2892 p,
800 2845 849 2881 27
878 2851 912 2881 et
940 2857 972 2893 p,
1001 2847 1061 2884 37,
1737 2843 1807 2894 10)
1838 2846 1873 2880 ln
1908 2847 2118 2892 panegyrico
2154 2846 2196 2880 ad
2223 2849 2393 2885 Messalam
2421 2850 2710 2897 deprehenduntur
2740 2853 2784 2887 Vl

567 2897 588 2929 5
639 2898 802 2932 Incertum
829 2903 961 2944 poetam
983 2901 1128 2934 nominat
1153 2910 1227 2934 eum
1254 2901 1423 2935 Ruhnken.
1467 2901 1508 2935 ad
1527 2902 1613 2935 Vel-
1683 2904 1806 2933 tautum
1834 2909 1951 2933 versus
1979 2904 2059 2944 post
2086 2899 2280 2936 trochaeum
2305 2908 2454 2946 quartum
2480 2904 2598 2945 incisi,
2638 2915 2719 2938 unns
2750 2905 2785 2939 in

514 2952 568 2987 tei.
603 2947 667 2991 1,-
695 2948 740 2992 4,
794 2960 861 2987 non
896 2951 1041 2997 ineptum
1077 2951 1292 2997 unvemmp.
1344 2952 1386 2987 ad
1424 2952 1613 2989 Tertullian.
1683 2950 1817 2986 tricenis
1843 2949 1975 2995 quinis,
2016 2951 2175 2989 elisiones
2218 2956 2326 2989 autem
2361 2955 2522 3002 app-rent
2545 2951 2620 2998 XL,
2660 2965 2723 2991 una
2752 2956 2786 2991 in

516 2999 615 3050 Apol.
643 2999 666 3034 2
693 3011 726 3046 p.
752 3000 813 3036 21.
1682 3003 1790 3047 quinis
1830 3002 2053 3047 hexametris,
2097 3004 2193 3038 aliter
2243 3006 2276 3040 in
2308 3008 2516 3052 panegyrico
2551 3007 2591 3040 ad
2619 3007 2787 3051 riso-em,

570 3050 594 3087 6
648 3051 704 3089 Vs.
732 3051 810 3088 254
837 3063 887 3099 sq.
914 3057 950 3090 et
977 3053 1063 3090 261.
1687 3053 1734 3090 οῗ.
1761 3064 1861 3102 cupra
1890 3065 1924 3102 p.
1953 3053 2001 3089 14
2029 3060 2099 3092 not.
2128 3056 2165 3091 4.

567 3103 589 3137 ’1
644 3104 697 3139 Ad
721 3104 822 3139 Tacit.
845 3105 943 3149 XIV,
975 3105 1035 3142 14.
1740 3103 1813 3154 11)
1840 3118 1873 3152 p.
1910 3107 1971 3142 23.

566 3155 592 3190 8
645 3156 681 3192 In
706 3156 795 3192 lehn.
825 3157 932 3193 lahrb.
956 3157 1051 3194 XVII
1077 3169 1110 3203 p.
1142 3157 1229 3194 266.
1742 3154 1810 3205 12]
1848 3158 2085 3196 Wernsdortio
2123 3159 2255 3196 videtur
2293 3164 2408 3196 noster
2445 3160 2606 3197 ‘rihuttun
2644 3172 2716 3197 cu·
2754 3163 2786 3198 in

567 3207 590 3242 9
642 3208 696 3246 Ad
708 3209 896 3256 ribattlv,
926 3207 958 3246 1.
985 3208 1060 3249 'nt
1089 3221 1122 3258 p.
1146 3209 1232 3248 320.
1273 3210 1315 3248 Si
1339 3211 1416 3259 quis
1441 3214 1614 3259 utrumque
1684 3210 1833 3259 pluribus
1858 3210 1963 3258 locis,
1995 3215 2061 3247 tum
2090 3221 2188 3247 versu
2217 3210 2266 3247 32
2296 3213 2507 3259 expressisse
2537 3217 2572 3248 et
2599 3224 2787 3261 super-ue.
