3256 3632
2738 279 2798 325 23

515 416 557 457 et
575 414 677 456 suas
698 409 962 468 conjectmas
984 408 1040 453 cf.
1060 423 1128 453 vs.
1148 405 1194 451 8.
1213 405 1318 451 202.
1340 404 1468 464 207)
1504 410 1548 450 et
1559 405 1745 451 aliorum
1765 407 1991 465 variasque
2005 406 2211 455 lectiones
2229 411 2472 471 panmiscne
2489 420 2709 471 pru-ens,
2743 414 2796 456 ita

513 497 557 535 nt
579 496 744 535 *ees-tam
762 491 882 534 matis
910 489 1084 532 criticae
1114 485 1258 543 lege-
1285 498 1372 529 non
1403 489 1612 530 servaret.
1644 484 1755 530 hdo
1777 484 1934 529 faunlia
1963 484 2313 534 editionum-orta
2330 490 2408 534 'est
2427 487 2796 545 Ber-m,

514 569 566 614 ad
593 575 730 628 qnam*
751 572 933 626 «praetem
973 563 1177 610 editiones
1208 564 1456 612 Bel-smanni
1484 565 1576 624 15¹)
1624 564 1747 610 1582
1786 566 1841 609 et'
1859 563 1907 609 11⁷
1938 563 2063 609 1589
2101 568 2280 624 penitet
2309 566 2726 612 Amsterodamensis
2745 566 2795 625 2)

516 646 670 706 1634,
711 647 837 703 atque
869 642 1024 687 sensilia
1056 641 1293 698 Gor-tima,
1324 641 1377 686 ad
1410 655 1532 701 qum
1559 643 1818 690 referendae
1848 649 1946 690 sint
1974 643 2189 690 oduinum
2214 644 2412 690 Comana
2438 646 2479 704 ²)
2520 646 2661 704 1726,
2716 648 2796 692 Bi-

514 724 686 784 ponttila
716 721 806 780 11⁴)
841 720 986 778 1783,
1007 720 1380 767 ewen-adornans
1406 720 1444 777 ⁵)
1476 720 1624 779 1785,
1647 721 1988 768 “Reicliardiana
2035 720 2084 781 δ’)
2118 722 2269 779 1793,
2323 722 2541 783 Bipontina
2580 725 2617 769 ΙΙ
2657 726 2792 781 1807,

516 801 775 846 Lemnii-iana
801 799 849 859 ⁷]
884 799 1031 853 1824,
1062 796 1329 841 Weberiana
1352 797 1393 855 8)
1425 799 1559 844 1832.

642 876 716 922 Ex
742 876 997 922 novissimis
1035 873 1269 920 editoribus
1302 875 1417 921 »alter
1445 874 1527 920 lut.
1550 875 1675 920 Hom
1696 873 1745 934 9)
1779 873 1836 920 de
1875 882 2021 933 textu,
2075 890 2201 936 quem
2233 882 2416 934 vocant,
2471 877 2583 926 bene
2626 883 2793 925 meritus

522 971 605 1002 non
646 956 779 999 solum
812 956 972 998 variam
1005 954 1227 998 lectionem
1260 969 1319 1000 ex
1352 954 1454 1000 XlV
1486 954 1737 1001 editionibus
1767 954 1826 1011 ¹⁰)
1859 954 2177 1013 diligentissime
2210 964 2453 1016 excerptam
2488 964 2530 1002 et
2571 966 2650 1016 pro
2681 965 2799 1002 certo

531 1035 787 1078 constitutam
820 1045 900 1076 una
930 1046 1022 1076 cum
1056 1034 1308 1078 coniecturis
1340 1046 1413 1077 vv.
1447 1031 1515 1077 dd.
1549 1034 1770 1092 apposuit,
1826 1032 1905 1077 sed
1947 1034 2070 1076 etiam
2105 1031 2237 1078 verba
2272 1037 2520 1094 panegyrici
2554 1034 2606 1079 ad
2639 1049 2798 1079 recen-

520 1118 680 1162 sionem
697 1109 1012 1156 Sicbardianam
1043 1112 1139 1155 sive
1157 1108 1441 1170 Micyllianam
1473 1112 1608 1169 magis
1638 1111 1870 1155 revocavit.
1915 1109 2046 1155 Unum
2078 1110 2216 1155 locum
2247 1111 2340 1171 (vs.
2363 1111 2453 1157 254
2476 1126 2562 1157 non
2581 1127 2658 1173 pro
2690 1112 2796 1171 uos)

524 1198 694 1252 praeter
723 1189 1017 1235 necessitatem
1051 1186 1283 1234 emendare
1314 1186 1477 1234 studuit.
1546 1187 1745 1233 Attamen
1777 1200 1862 1232 non
1894 1201 2060 1232 omnem
2103 1187 2247 1234 babuit
2277 1189 2640 1249 suppellectilem,
2670 1191 2794 1250 {quae

521 1268 765 1316 necessaria
799 1271 888 1321 est3
922 1265 1069 1312 deerat
1100 1265 1140 1312 ei
1172 1264 1299 1312 editio
1330 1266 1530 1328 princeps
1562 1271 1604 1311 et
1627 1264 1871 1328 Micylliana
1899 1266 2020 1312 1549
2053 1273 2094 1313 et
2128 1268 2333 1326 neglexit,
2367 1271 2515 1315 nescio
2547 1283 2639 1326 cur,
2669 1268 2793 1315 Mar-

523 1346 845 1406 tyni-Lagunae
879 1344 1204 1394 observationes
1233 1361 1260 1392 a
1284 1345 1583 1392 Wernsdorfio
1614 1348 1655 1391 in
1681 1346 1977 1406 supplemento
2010 1344 2199 1399 additas3
2252 1362 2390 1406 neque
2422 1350 2623 1393 maiorem
2654 1362 2796 1408 pane-

580 1544 627 1597 1)
652 1548 791 1584 Primum
811 1543 866 1587 in}:
885 1545 1004 1582 ovidii
1030 1545 1129 1583 1582
1149 1547 1318 1583 Carmina
1337 1551 1533 1593 amalor.p.
1552 1546 1630 1581 410

534 1617 558 1621 >-
579 1601 655 1635 419
686 1604 721 1634 et
749 1600 893 1644 saepius,
922 1598 964 1632 cf.
993 1599 1119 1634 Fabric.
1145 1599 1180 1633 B.
1209 1599 1243 1634 L.
1272 1600 1310 1634 T.
1335 1599 1365 1633 11
1390 1610 1423 1644 p.
1450 1599 1521 1633 471
1553 1601 1630 1635 Ern.

527 1653 647 1689 deinde
672 1651 704 1686 iu
732 1650 864 1686 Lucano
893 1647 1004 1685 1589.
1039 1651 1124 1686 Nihil
1156 1650 1351 1686 discriminis
1380 1651 1513 1697 reperi,
1556 1650 1631 1694 nisi,

528 1705 618 1752 quod
649 1704 817 1750 posterior
846 1703 948 1737 editio
981 1704 1059 1738 vitia
1085 1704 1211 1748 aliquot
1240 1705 1483 1750 typographica
1512 1714 1631 1738 emen-

529 1758 636 1800 davit3
663 1756 704 1790 cl.
728 1766 776 1789 νε.
792 1754 853 1788 88.
875 1754 962 1790 216.
1016 1756 1161 1801 Utraque
1187 1759 1295 1790 autem
1323 1766 1395 1790 cum
1418 1756 1630 1791 Sichardiana

529 1812 600 1844 sive
627 1818 698 1842 cum
727 1807 832 1851 Lugd.
866 1805 882 1839 1
916 1802 1023 1854 (Held
1052 1808 1159 1842 Praei.
1189 1818 1222 1853 p.
1249 1808 1281 1851 1)
1311 1807 1505 1853 plerumque
1534 1818 1621 1843 con-

530 1862 652 1907 spirat,
706 1859 767 1893 nisi
806 1860 839 1893 in
867 1859 1091 1894 collocatione
1118 1871 1271 1893 versuum
1300 1859 1463 1894 72-84,
1517 1861 1622 1894 Bers-

529 1922 664 1946 mannus
703 1910 850 1956 inprimis
884 1910 988 1944 tribus
1024 1910 1116 1945 libris
1155 1922 1182 1945 ε.
1216 1910 1416 1945 editionibus
1443 1910 1622 1952 Pulmanni,

531 1963 695 2006 Scaligeri
733 1966 767 1996 et
794 1962 922 1996 Pithoei
958 1972 1035 1996 usus
1072 1965 1123 1996 est
1160 1957 1229 2009 (cf.
1256 1972 1305 1995 vs.
1333 1962 1393 1996 87.
1422 1961 1483 1996 91.
1514 1959 1624 2007 126),

531 2015 589 2049 sed
633 2018 667 2047 et
711 2023 814 2047 novas
857 2013 1070 2056 conjecturas
1108 2014 1164 2047 vel
1205 2013 1366 2048 lectiones
1408 2013 1535 2055 attulit,
1580 2012 1623 2046 cf.

530 2077 577 2100 vs.
606 2064 675 2098 157
705 2065 839 2099 vestiet.
868 2075 916 2098 vs.
947 2063 1019 2098 179
1054 2065 1183 2110 qradu.

583 2112 630 2163 2)
659 2116 694 2149 In
717 2116 874 2159 Lucan03
903 2126 987 2160 quae
1009 2116 1113 2150 editio
1141 2117 1174 2150 in
1193 2116 1343 2151 omnibus
1372 2116 1528 2150 convenit
1557 2125 1630 2149 cum

533 2168 721 2202 Bersmann.
750 2166 871 2209 1589,
901 2168 962 2201 nisi
987 2179 1039 2202 vs.
1066 2166 1115 2200 30
1139 2171 1173 2201 et
1198 2167 1259 2202 35.

592 2213 639 2266 3)
658 2217 721 2265 ⁴ln]
738 2219 879 2254 Lucano.
909 2215 1065 2262 Cottius,
1105 2219 1214 2254 nullis
1241 2219 1363 2262 MSS„
1408 2217 1471 2252 sed
1500 2217 1632 2252 editio-

533 2270 635 2305 nibus
664 2275 799 2305 tantum
827 2271 975 2305 diversis
1007 2281 1092 2305 usus
1128 2266 1258 2318 (Praei.
1287 2271 1327 2305 ad
1357 2269 1510 2312 Lucam),
1537 2269 1630 2303 lunio

536 2322 682 2368 inprimis
721 2323 901 2357 obsecutus
947 2326 1009 2357 est.
1070 2322 1187 2357 Varias
1224 2323 1403 2367 scripturas
1441 2326 1474 2356 et
1510 2321 1631 2355 conie-

538 2377 646 2409 cturas
670 2385 725 2409 vv.
749 2373 804 2408 dd.
831 2384 896 2409 non
924 2374 1131 2418 distinguens
1159 2374 1221 2409 arti
1249 2374 1384 2409 criticae
1413 2373 1445 2408 in
1474 2383 1633 2418 panegy-

542 2426 612 2461 rico
640 2430 731 2460 recte
759 2426 968 2461 adhibendae
998 2426 1071 2471 plus
1100 2425 1207 2461 obfuit
1233 2436 1328 2470 quam
1357 2426 1492 2471 profuit.

589 2477 633 2521 4)
661 2478 856 2524 Bipontinae
884 2489 901 2513 a
930 2474 1087 2513 Cortiana
1117 2488 1182 2513 non
1208 2478 1269 2512 nisi
1296 2478 1456 2523 scriptura
1484 2476 1553 2521 (vs.
1572 2475 1633 2510 49.

539 2526 635 2575 94),
681 2531 911 2565 emendatione
939 2540 1088 2564 errorum
1115 2530 1433 2574 typographicorum
1460 2525 1529 2574 (vs.
1560 2523 1634 2574 92)

539 2584 574 2615 et
601 2583 721 2615 mutata
749 2581 1037 2627 interpretatione,
1067 2580 1109 2615 cf.
1138 2591 1187 2616 vs.
1218 2579 1305 2624 198,
1335 2580 1388 2615 hic
1415 2581 1482 2615 illic
1507 2579 1629 2612 distin-

538 2635 705 2678 guuntur,
743 2633 787 2667 ita
821 2636 929 2668 tamen
965 2637 1000 2667 ut
1037 2633 1131 2678 prior
1164 2632 1197 2666 in
1236 2632 1397 2678 scriptura
1424 2632 1529 2677 magis
1558 2640 1629 2664 cum

539 2684 692 2719 Cortiana
720 2685 904 2719 concordet
932 2679 1006 2732 (νε.
1040 2684 1099 2718 64.
1130 2682 1240 2728 136),
1281 2684 1451 2729 posterior
1477 2685 1519 2718 sit
1547 2693 1630 2717 cor-

539 2736 664 2771 rectior
691 2731 765 2783 (νε.
793 2736 852 2771 73.
882 2733 967 2784 92).

593 2783 641 2832 5)
667 2787 703 2822 ln
730 2787 844 2822 Poetis
870 2788 947 2822 Lat.
976 2787 1058 2822 Min.
1087 2787 1123 2821 Τ.
1152 2786 1198 2820 Ν
1228 2796 1261 2832 p.
1286 2784 1515 2827 236-282,
1559 2784 1631 2829 qui-

540 2840 674 2874 buscum
704 2839 958 2885 coniungendae
987 2842 1062 2873 sunt
1090 2849 1122 2884 p.
1159 2837 1313 2872 36—48
1344 2833 1559 2885 (dissertatio
1588 2837 1629 2870 de

541 2891 653 2927 Saleio
694 2887 819 2939 Basso)
852 2903 884 2937 p.
920 2891 1010 2925 72-
1024 2890 1071 2924 75
1112 2887 1341 2935 (testimonia)
1382 2901 1413 2934 p.
1451 2888 1629 2923 859—69

542 2937 665 2990 (notae
701 2937 1043 2990 nartyni-Lagunae]
1088 2945 1121 2975 et
1162 2941 1199 2974 T.
1240 2940 1270 2974 V
1304 2951 1336 2986 p.
1366 2940 1465 2974 1469
1500 2950 1548 2984 sq.
1596 2943 1629 2972 et

543 3008 579 3042 p.
604 2994 703 3029 1476
740 2990 1019 3042 (additamenta).
1071 2993 1107 3027 ln
1141 2994 1298 3027 contextu
1336 2992 1513 3026 verborum
1554 2994 1631 3035 post

544 3049 688 3084 Cortium
705 3046 924 3089 emendando,
953 3055 1144 3091 quamquam
1158 3043 1298 3078 babebat
1315 3043 1486 3078 nonnullas
1504 3042 1630 3076 editio-

546 3110 604 3135 nes
630 3099 773 3134 nondum
798 3098 948 3140 collatas,
981 3097 1053 3131 t'ere
1080 3096 1158 3130 nibil
1184 3095 1348 3141 praestitit
1373 3104 1481 3139 neque
1510 3094 1630 3136 omnia,

545 3162 629 3197 quae
658 3151 698 3187 ad
725 3160 794 3185 rem
822 3149 966 3184 criticam
993 3147 1179 3195 pertinent,
1218 3146 1395 3192 diligenter
1420 3147 1566 3189 notavit,
1596 3149 1631 3180 ut

545 3203 683 3239 Reldins
703 3214 735 3251 p.
749 3202 772 3238 2
798 3206 922 3246 monet,
944 3201 985 3236 cf.
1000 3211 1049 3235 νε.
1067 3199 1128 3235 27.
1156 3199 1243 3235 207.
1271 3200 1338 3234 Sed
1357 3199 1630 3246 quemadmodum

546 3254 679 3291 cortin-
706 3259 803 3292 notas
829 3254 958 3291 criticas
984 3254 1018 3289 in
1043 3263 1141 3288 unum
1169 3251 1372 3297 contulerat,
1410 3253 1454 3287 ita
1480 3252 1630 3288 Werns-

1703 1547 1789 1583 dort'.
1819 1546 2072 1582 observationes
2099 1546 2336 1592 interpretum,
2370 1547 2584 1591 Bersmanni,
2621 1548 2797 1595 scaligeri,

1700 1599 1941 1642 Lindeubrogii
1982 1599 2124 1644 collegit
2160 1610 2267 1643 eaque
2303 1610 2341 1633 re
2373 1604 2407 1633 et
2435 1601 2502 1633 suis
2530 1601 2796 1638 animadversio-

1702 1652 1797 1688 nibus
1824 1650 1942 1685 additis
1973 1650 2015 1685 de
2049 1650 2248 1696 explicando
2277 1652 2484 1696 panegyrico
2523 1652 2695 1699 praeclare
2722 1666 2797 1690 me-

1700 1705 1776 1740 ruit.
1828 1704 2005 1738 Praeterea
2023 1703 2346 1747 Martyni-Lagunae
2373 1708 2468 1738 notas
2496 1706 2619 1749 adJecit
2645 1706 2795 1751 plerum-

1701 1768 1765 1802 que
1800 1756 1951 1799 criticas,
1999 1766 2042 1789 ex
2078 1756 2193 1790 decem
2222 1756 2422 1791 editionibus
2460 1761 2494 1791 et
2531 1769 2575 1792 ex
2603 1758 2686 1793 Cod.
2713 1759 2797 1794 Var-

1693 1808 1836 1844 saviensi
1872 1811 2062 1851 congestas
2117 1808 2423 1842 Communicaverat
2457 1820 2514 1842 eas
2542 1810 2633 1844 Mart.
2661 1811 2795 1854 Laguna

1693 1859 1950 1895 Zwiccaviensis
1979 1860 2065 1899 (non
2090 1859 2251 1903 Enyom'a
2268 1859 2443 1899 Polonus)
2469 1861 2600 1903 Heynio
2628 1863 2796 1897 excitante

1694 1922 1768 1946 cum
1795 1909 2055 1952 Wernsdorlio,
2099 1910 2153 1954 qui
2187 1909 2341 1944 nonnulla
2379 1915 2500 1945 tantum
2537 1913 2599 1946 iam
2627 1912 2714 1948 dicta
2741 1914 2796 1949 vel

1696 1964 1801 1997 minus
1831 1962 2019 1995 necessaria
2048 1962 2179 2003 omisit3
2208 1966 2241 1995 et
2263 1963 2422 2006 praebent
2450 1974 2528 1996 sane
2558 1966 2704 1999 nonnihil
2731 1966 2796 2000 ad-

1696 2013 1831 2049 iumenti
1860 2013 1892 2046 in
1921 2023 1958 2046 re
1989 2014 2101 2046 critica
2129 2012 2316 2047 factitanda.

1756 2060 1803 2111 6)
1831 2064 1865 2098 ln
1880 2064 2019 2110 Sylloqe
2046 2064 2245 2109 opusculor.
2276 2070 2429 2100 ceterum
2454 2067 2680 2110 poeticorum.
2710 2068 2794 2113 Lips.

1707 2115 1805 2150 1793
1834 2126 1867 2160 p.
1889 2115 2056 2158 44—64,
2080 2126 2174 2160 quam
2195 2116 2302 2150 Henr.
2329 2117 2414 2151 God.
2439 2118 2616 2151 Reichnrd
2641 2118 2672 2151 in
2701 2129 2791 2152 usum

1704 2169 1882 2202 iuventutis
1912 2168 2080 2201 studiosae
2115 2168 2255 2210 collegit
2284 2169 2436 2212 notisque
2466 2170 2576 2212 paucis
2605 2170 2791 2203 instructam

1705 2219 1826 2262 edidit3
1854 2219 1882 2253 is
1909 2218 1963 2253 hic
1988 2219 2055 2253 illic
2084 2218 2331 2254 emendationes
2357 2221 2549 2265 proposuit,
2587 2220 2627 2254 ct'.
2656 2232 2704 2256 vs.
2737 2220 2793 2256 16.

1758 2323 1800 2367 7)
1827 2324 1862 2356 ln
1892 2323 1985 2356 Poee.
2014 2322 2090 2356 Lat.
2118 2323 2202 2357 Min.
2224 2323 2323 2356 Paris.
2351 2322 2447 2355 1824
2479 2323 2569 2357 Tom.
2595 2324 2639 2357 111
2667 2335 2699 2368 p.
2719 2324 2795 2358 232

1705 2374 1843 2409 -270,
1896 2373 1962 2407 Iste
2006 2384 2047 2408 ne
2082 2374 2242 2408 Parisinas
2281 2373 2409 2417 quidem
2452 2373 2614 2408 editiones
2656 2377 2798 2411 contulit

1707 2437 1815 2472 neque
1852 2426 1986 2460 omnino
2022 2426 2195 2470 quidquam
2233 2426 2303 2458 sive
2339 2425 2370 2458 in
2406 2426 2620 2460 recensendis
2658 2428 2731 2461 sive
2765 2429 2797 2462 in

1708 2478 1914 2524 explicandis
1931 2479 2126 2523 panegyrici
2152 2478 2260 2511 verbis
2289 2478 2462 2521 praestitit,
2490 2478 2522 2511 in
2552 2480 2715 2524 scriptura
2745 2481 2798 2515 hic

1707 2531 1774 2564 illic
1807 2542 1826 2564 a
1864 2530 2136 2563 Wernsdoriiana
2177 2529 2351 2561 discedens
2391 2533 2515 2572 (quum
2548 2540 2598 2563 vs.
2642 2530 2701 2565 17.
2736 2531 2795 2565 39.

1708 2592 1770 2627 pro
1800 2592 1879 2616 cum
1916 2584 1950 2615 et
1976 2580 2130 2614 submoto
2163 2590 2210 2613 vs.
2241 2577 2355 2623 136),
2403 2579 2445 2613 de
2478 2590 2540 2615 suo
2568 2581 2691 2626 aliquid
2720 2594 2795 2619 raro

1701 2633 1931 2678 adspergens,
1975 2632 2073 2676 idque
2102 2631 2218 2664 nultius
2251 2631 2349 2675 pretii
2384 2643 2413 2665 e.
2443 2642 2477 2675 g.
2506 2632 2549 2666 de
2573 2634 2637 2678 pila
2666 2646 2699 2679 p.
2722 2635 2795 2670 287

1703 2689 1736 2719 et
1774 2684 1816 2719 de
1849 2684 2101 2718 latrunculorum
2138 2682 2216 2717 ludo
2245 2693 2277 2727 p.
2307 2682 2406 2726 295,
2444 2683 2549 2718 aliena
2586 2686 2798 2730 negligenter

1702 2737 1881 2780 compilans
1910 2740 1943 2769 et
1971 2735 2143 2776 colligens.

1754 2783 1801 2833 8)
1831 2786 1933 2827 Quam
1971 2785 2095 2819 curavit
2127 2785 2164 2819 G.
2193 2784 2230 2819 E.
2260 2784 2390 2819 Weber
2427 2786 2458 2820 in
2488 2787 2588 2832 Corp.
2615 2793 2705 2833 poet.
2736 2789 2793 2823 lat.

1701 2850 1733 2884 p.
1763 2836 2013 2871 1411-1413
2044 2838 2075 2871 in
2104 2837 2256 2872 omnibus
2277 2838 2436 2880 Cortium,
2466 2843 2500 2872 ut
2525 2840 2570 2872 ait
2596 2840 2666 2885 ipse
2688 2841 2793 2876 Praei.

1701 2901 1732 2935 p.
1746 2889 1929 2932 Lxxvm,
1964 2893 2097 2923 secutus
2119 2890 2180 2923 nisi
2209 2900 2274 2923 uno
2297 2890 2373 2924 loco
2396 2891 2478 2930 (sed
2500 2901 2561 2934 pro
2580 2897 2613 2925 et
2633 2902 2678 2925 vs.
2701 2891 2795 2934 122)

1700 2945 1734 2975 et
1761 2942 1813 2974 hic
1840 2941 1908 2975 illic
1936 2941 1969 2975 in
1997 2941 2159 2986 scriptura
2193 2936 2266 2988 (vs.
2295 2941 2343 2974 42
2373 2952 2501 2975 causas
2536 2953 2598 2987 pro
2627 2952 2795 2987 caussas,

1702 3004 1751 3027 vs.
1781 2994 1828 3026 55
1858 2994 2029 3028 attonitus
2057 3004 2119 3038 pro
2150 2993 2360 3034 adtonitus).

1755 3044 1799 3088 9)
1828 3045 1963 3080 Incerti
1998 3046 2156 3080 auctoris
2194 3046 2242 3079 ad
2270 3044 2495 3089 Calpurnium
2526 3044 2686 3079 Pasonem
2710 3056 2797 3081 car-

1701 3107 1791 3131 men.
1839 3097 2018 3132 Vratislav.
2048 3096 2156 3132 1831.
2195 3097 2229 3130 4.
2259 3096 2389 3130 Erravit
2416 3096 2447 3129 in
2481 3095 2575 3130 titulo
2603 3097 2797 3143 Bernhardy

1756 3199 1825 3248 10)
1852 3201 1888 3237 In
1916 3201 1956 3238 iis
1983 3199 2205 3247 antiquissima
2234 3202 2304 3234 erat
2334 3198 2563 3245 Lugdunensis
2594 3200 2706 3238 1540.
