3256 3632
0 0 94 52 ἶ

560 354 623 386 ⁸¹⁰·
775 356 894 400 tostis
907 386 921 410 ‚
965 353 1141 399 acidalia
1154 385 1169 409 ‚
1213 366 1338 412 quana
1358 352 1688 397 condiditz'ialito-
1702 365 1861 407 muros,
2410 348 2481 382 ¹⁸¹·

776 451 995 496 euboicam
1024 446 1673 508 resonassfaoundmNnapolis
1695 460 1859 493 ‘ax-cen.

775 546 927 604 qualis,
957 548 999 590 io
1032 547 1193 605 superi,
1226 545 1367 604 qualis·
1390 546 1500 589 nitor
1529 545 1619 588 oris
1649 544 1840 587 amoenis

774 639 976 695 vocibus;
1009 640 1105 684 hinc
1135 639 1477 697 solidmfulgore
1504 640 1700 683 micantia
1729 636 1865 682 verba

565 744 605 774 9⁵
774 733 1011 793 implevere
1043 732 1189 787 locos;
1210 731 1318 778 :hino
1348 731 1730 790 exornatasfiguris
2422 736 2464 765 83

773 828 944 873 advolat
975 840 1161 871 excusso
1195 825 1327 871 velox
1342 801 1565 871 sententia
1595 831 1732 870 torno.

773 936 923 981 magna
956 920 1119 981 quidem
1149 922 1291 966 virtus,
1313 925 1420 975 erat,
1453 925 1496 964 et
1525 920 1563 964 si
1595 919 1688 964 sola
1720 918 1886 973 fuisset,

773 1018 942 1077 eloquio
973 1023 1161 1063 sanctum
1191 1014 1316 1062 modo
1348 1014 1578 1076 per-fulcire
1607 1020 1815 1070 sanatum,

772 1124 1017 1158 exonerare
1048 1113 1142 1170 pios
1174 1109 1318 1165 modo,
1350 1123 1464 1155 nuno
1489 1122 1675 1155 onerare
1705 1114 1927 1164 nocentes,

541 1229 603 1262 ιοο
773 1210 849 1255 sed
881 1222 1010 1269 super
1039 1210 1119 1251 ista
1148 1212 1292 1252 movet
1316 1206 1471 1264 plenus
1494 1206 1711 1261 gravitate
1741 1218 1897 1250 serena
2418 1220 2460 1252 33

773 1305 910 1349 vultus
944 1309 985 1347 et
1018 1302 1482 1361 insigni-‘praestringit
1510 1302 1694 1356 imagine
1725 1301 1856 1343 visus.
1884 1319 1887 1321 v

771 1398 864 1445 talis
894 1401 1004 1445 inest
1031 1397 1211 1454 habitus,
1243 1397 1409 1456 qualem
1439 1409 1534 1441 neo·
1553 1395 1698 1440 dicore
1729 1400 1931 1439 moestum

771 1509 851 1540 neo
884 1494 1070 1551 fluidum,
1102 1495 1212 1540 laeta
1241 1493 1320 1540 sed
1352 1474 1803 1538 tebit-,itatedeoorum

772 1604 1018 1649 possumus3
1050 1593 1263 1649 ingenitae
1293 1596 1373 1636 stat
1403 1588 1629 1635 nobilitatis
1652 1590 1702 1633 in
1733 1588 1806 1633 illo

541 1696 603 1727 105
771 1686 946 1746 pulcher
975 1685 1111 1732 honos
1143 1692 1185 1730 et
1218 1684 1343 1742 digna
1374 1686 1462 1730 suis
1492 1683 1697 1729 natalibus
1727 1697 1816 1728 ora.
2418 1681 2460 1712 ⁹3

771 1781 933 1824 additur
963 1781 1044 1823 huc
1077 1787 1120 1823 et
1150 1782 1256 1824 iusta
1287 1780 1395 1824 fides
1428 1787 1471 1824 et
1501 1780 1627 1838 plena
1657 1779 1835 1838 pudoris

769 1876 944 1921 libertas
977 1877 1220 1931 animusque
1251 1874 1361 1917 mala
1392 1874 1610 1929 ferrugine
1640 1887 1786 1931 purus,

768 1976 945 2034 ipsaque
972 1985 1177 2034 possesso
1209 1983 1327 2015 mens
1358 1975 1423 2014 est
1453 1968 1690 2029 opulentior
1720 1981 1836 2012 auro.

415 2180 471 2211 sed
504 2189 521 2209 a
553 2175 703 2208 Wemsd.
736 2179 825 2206 recte
854 2172 1068 2214 repudiatum.
1099 2187 1140 2192 —
1181 2169 1291 2200 undae
1329 2166 1395 2199 CO.
1437 2176 1477 2197 ex
1547 2171 1654 2197 tuetur
1676 2165 1758 2206 Ung.
1783 2175 1814 2206 p.
1839 2165 1922 2204 269,
1959 2170 1994 2196 ut
2017 2165 2101 2197 siti.
2127 2176 2157 2207 q.
2188 2164 2413 2205 praesulcire3
2447 2164 2524 2196 illud
2561 2172 2608 2198 eat

416 2240 544 2271 Lucano
568 2234 750 2269 Amsterod.
769 2244 820 2275 ap.
845 2233 891 2264 lo.
916 2233 1061 2264 Iansson.
1086 2229 1187 2267 1626,
1212 2226 1300 2269 quod
1322 2225 1471 2258 Wernsd.
1547 2225 1700 2265 consulis,
1726 2227 1781 2267 qui
1804 2231 1950 2258 senatum
1966 2224 2134 2257 suadendo
2150 2225 2304 2263 sustinet3
2329 2224 2369 2256 cf.
2395 2224 2461 2257 Cic.
2477 2225 2605 2266 Repu,

417 2298 593 2330 defendere
615 2295 724 2328 studet
745 2295 802 2326 aed
825 2292 951 2325 frustra.
1546 2286 1577 2327 9,
1602 2287 1653 2320 15.

502 2369 550 2391 vs.
572 2357 627 2391 92.
671 2356 781 2396 rqsem
804 2353 882 2386 Cort
905 2361 966 2385 err.
986 2356 1113 2392 typogr.
1132 2366 1170 2371 —
1184 2346 1333 2379 secunda
1356 2346 1474 2376 vitiose

415 2408 504 2451 eon.
539 2417 611 2458 Bip.
636 2416 667 2449 1.
690 2414 864 2455 saecunda
893 2413 957 2445 sic.
989 2410 1061 2444 mc.
1093 2409 1122 2442 1.
1146 2408 1177 2441 3.
1207 2406 1310 2449 Lugd.
1327 2396 1375 2438 '3.
1404 2405 1474 2437 lun.

414 2476 563 2511 Francor.
581 2476 740 2518 sac-ndo
765 2483 805 2506 ex
820 2473 975 2514 secunda
998 2470 1082 2503 bene
1106 2470 1191 2501 coni.
1221 2467 1305 2509 Ung.
1337 2477 1369 2508 p.
1394 2466 1474 2504 265;

415 2537 455 2571 cf.
470 2536 614 2571 ,MartiaL
638 2537 677 2575 V,
701 2536 754 2574 78,
779 2534 820 2565 14
841 2534 940 2565 docta
963 2531 1134 2573 Neapolis.

500 2607 550 2631 va.
573 2596 626 2628 93.
676 2595 737 2627 Pro
771 2595 803 2626 io
838 2593 906 2626 VA.
941 2592 990 2631 ι’ἑ,
1022 2590 1109 2622 unde
1144 2588 1185 2621 H.
1216 2588 1292 2628 Lag.
1323 2585 1476 2628 proponit

413 2658 525 2701 qualis
547 2657 631 2689 ineat
665 2655 803 2697 Superi·
818 2675 828 2691 ,
851 2653 929 2685 talia
954 2652 1043 2683 nitor
1070 2637 1137 2681 oria
1167 2648 1297 2679 amoeni
1324 2646 1471 2678 vocibus.

414 2727 448 2752 ut
488 2719 561 2751 Piso
601 2728 673 2749 cnm
708 2715 866 2748 Mercurio
905 2716 1118 2754 comparetur.
1189 2708 1293 2742 omni·
1327 2705 1473 2740 amoenis

411 2778 527 2814 Colon.
553 2778 583 2811 1.

427 2846 429 2849 “
499 2849 547 2871 νε.
572 2837 624 2869 97.
669 2836 732 2868 etei
752 2835 825 2868 Bas.
849 2834 922 2868 Mic.
949 2835 979 2867 1.
1004 2834 1035 2866 3.
1061 2831 1161 2873 Lugd.
1186 2832 1216 2862 2.
1238 2829 1306 2860 Bu.
1321 2825 1471 2858 Francos.

412 2905 445 2931 et
467 2909 526 2941 pro
556 2908 588 2930 v.
613 2897 634 2928 1.
664 2896 752 2929 Cort.
784 2899 815 2927 et
837 2896 884 2934 ai,
916 2894 1003 2937 quod
1034 2893 1151 2939 reliqui
1178 2890 1313 2926 habent,
1347 2888 1468 2918 Bersm.

432 2969 468 2991 ro
490 2968 523 2990 v.
548 2958 571 2989 l.

410 2970 430 3001 p
498 3029 545 3051 vs.
571 3018 624 3051 98.
668 3016 853 3057 persnloire
893 3014 968 3048 Slc.
1005 3013 1077 3046 Bas.
1105 3010 1204 3052 Lugd.
1234 3009 1265 3041 1.
1289 3008 1319 3040 2.
1344 3006 1375 3039 3.
1398 3003 1466 3038 ΒΜ.

412 3080 527 3113 Colon.
549 3079 580 3111 2.
604 3083 637 3109 et
657 3087 715 3119 pro
746 3087 779 3108 v.
802 3075 824 3108 l.
854 3067 943 3121 Gort.
969 3072 1179 3125 :permulcere
1201 3068 1275 3103 ΠΝ
1315 3066 1380 3100 CO.
1404 3065 1464 3098 nd.

411 3139 469 3172 Bk.
504 3144 536 3172 ot
568 3149 626 3180 pro
658 3148 690 3171 ν.
718 3136 741 3171 l.
770 3146 810 3168 ex
842 3134 968 3169 duobus
1000 3133 1089 3170 libris
1127 3130 1247 3164 Rerum.
1283 3127 1467 3171 perfulcire

1632 2356 1680 2377 vs.
1705 2346 1758 2377 99.
1803 2355 1964 2376 exornare
1988 2345 2103 2378 Colon.
2131 2346 2161 2376 1.
2184 2345 2294 2376 Reich.
2320 2353 2377 2385 per
2399 2353 2552 2376 errorem.

1631 2417 1679 2439 vs.
1704 2406 1777 2439 101.
1822 2405 1929 2437 voltus
1960 2405 2046 2438 Cort.
2083 2405 2214 2447 insigni
2238 2404 2337 2446 Lugd.
2362 2405 2393 2436 2.
2423 2404 2507 2438 JUN.
2536 2405 2605 2438 Bu.

1548 2467 1613 2500 CO.
1644 2467 1704 2499 Hd.
1736 2467 1796 2498 Bk.
1828 2466 1974 2507 insignia
2010 2466 2072 2497 Sic.
2105 2464 2174 2495 Bas.
2209 2464 2308 2504 Lugd.
2337 2464 2367 2495 1.
2402 2464 2433 2495 3.
2465 2464 2539 2497 uic.
2575 2466 2605 2497 1.

1546 2526 1695 2560 Francos.
1730 2544 1770 2549 —
1802 2526 2032 2567 praeetinguit
2064 2523 2164 2556 Pulm.
2203 2524 2233 2556 2.
2262 2524 2540 2564 (commendatum
2574 2528 2604 2557 in

1546 2588 1656 2619 erratis
1680 2585 1783 2618 Pulm.
1807 2586 1855 2625 1.)
1878 2584 1988 2617 Aurel.
2012 2584 2122 2616 Reich.
2149 2601 2189 2606 —-
2214 2583 2290 2614 vim
2312 2582 2384 2615 Bas.

1631 2658 1668 2679 vs
1704 2647 1778 2679 102.
1792 2640 1801 2650 ²
1822 2649 1979 2677 maestum
2003 2643 2102 2676 Pulm.
2125 2643 2209 2676 Scal.
2233 2642 2322 2676 Cort.

1630 2718 1677 2739 vs.
1704 2706 1777 2739 104.
1819 2704 1982 2747 possimne
2004 2712 2172 2746 perperam
2195 2704 2351 2746 scriptum
2378 2702 2470 2736 affert
2496 2704 2602 2738 ueins.

1544 2769 1583 2799 ad
1610 2768 1665 2800 Sil.
1689 2766 1757 2798 Ital.
1782 2766 1820 2803 V,
1844 2766 1908 2796 220
1929 2775 1961 2805 p.
1984 2765 2058 2796 260.
2086 2764 2194 2797 UNG.

1631 2838 1678 2858 vs.
1704 2827 1776 2857 105.
1820 2826 1938 2864 pulcer
1960 2825 2051 2856 Pulm
2083 2824 2170 2857 Scal.
2194 2824 2263 2857 Bl.

1626 2897 1674 2918 vs.
1705 2887 1773 2918 106.
1817 2889 1914 2916 costa
1936 2893 1995 2925 pro
2021 2884 2112 2916 iusta
2134 2883 2194 2918 Bk.
2228 2882 2378 2916 emendat
2399 2884 2469 2916 aine
2493 2893 2599 2922 causa,

1541 2953 1576 2979 ut
1598 2946 1681 2988 Ung.
1703 2955 1734 2986 p.
1760 2944 1824 2977 272
1848 2950 1970 2977 monet.

1622 3016 1671 3039 νε.
1695 3005 1769 3038 108.
1818 3014 1920 3036 mem.
1956 3003 2005 3038 Cf.
2042 3004 2148 3037 Barth.
2178 3007 2209 3037 in
2239 3003 2349 3036 Claud.
2382 3001 2478 3033 Cons.
2503 3000 2598 3033 Prob.

1537 3072 1570 3099 et
1595 3065 1706 3109 Olybr.
1732 3066 1775 3098 46
1808 3075 1841 3107 p.
1865 3066 1919 3098 20.
1948 3065 2070 3104 UNG..
2109 3075 2203 3107 quem
2235 3065 2340 3095 locum
2372 3072 2523 3102 suprap.
2557 3062 2598 3092 16

1537 3133 1605 3161 not.
1630 3127 1661 3160 1.
1685 3126 1814 3159 silentio
1838 3126 2083 3158 transmiseram.
