3256 3632
438 258 468 301 8

436 392 572 450 iisque
616 403 791 434 cannen
836 389 895 433 ad
923 388 1126 433 Pisonm
1170 389 1287 440 nullo
1331 390 1525 434 auctoris
1554 390 1723 434 nominc
1770 389 1990 448 adem-ipio
2019 385 2724 453 continebat-*humorelliarty'ni—

436 470 611 527 Laguna
634 466 697 524 ¹).
759 466 866 511 Hinc
915 466 1070 511 factum
1115 473 1211 523 est,
1273 474 1316 512 ut
1351 467 1494 512 Ovidii
1538 467 1753 522 editores,
1799 470 1869 527 qui
1911 468 2164 530 exemplum
2183 466 2723 529 Siffiardirs'equobantur,

436 562 479 593 v.
510 563 545 592 c.
563 548 655 591 Jac.
676 546 894 605 Micyllus,
927 546 998 590 alii
1031 559 1203 590 carmen
1235 552 1422 590 nostrum
1442 545 1657 590 Ovidianis
1694 543 1957 601 addiderint,
1982 546 2389 606 alii--pro-omidiano
2419 546 2640 593 habuerint
2653 548 2724 607 23¹.

436 628 637 671 Attamen
670 638 781 683 quae
811 623 868 667 de
899 630 1134 683 temporum
1165 625 1332 668 ratione
1363 630 1488 668 antea
1522 623 1627 668 sunt‘
1649 622 1758 668 dicta
1780 621 1830 681 3)
1874 622 2020 671 valent
2048 657 2052 662 Δ
2076 624 2123 669 es?
2147 623 2725 686 ,inwovidtamvsuppoaitum

436 705 689 765 panegyrici
722 708 950 747 auctorem.
1015 700 1163 762 Itaque
1206 714 1265 747 ex
1307 714 1390 762 quo
1422 699 1624 747 Hadrian.
1656 700 1806 748 Junius
1829 700 1878 760 ⁴)
1921 700 1993 762 (a.
2026 700 2721 762 1556]·«atiun·³ejus1··caffinis

436 788 652 828 auctorem
695 781 773 826 sibi
816 781 1037 825 invenisse
1083 781 1201 825 visus
1245 785 1338 836 est,
1393 792 1467 825 vv.
1501 778 1570 824 dd.
1612 793 1654 825 e.
1678 792 1680 794 ·
1701 779 1743 838 g.
1778 780 1927 826 Thom.
1958 779 2186 841 D‘empder
2208 777 2285 839 θ,
2329 779 2434 827 Just.
2465 781 2638 842 Lipsius
2656 782 2723 843 ⁶),

435 859 563 921 Casp.
595 858 789 905 Barthius
814 858 874 915 ⁷),
909 857 978 903 alii
1009 857 1318 918 panegyricum
1350 854 1403 902 ab
1437 854 1593 904 Ovidio
1625 859 1901 919 compositum
1934 872 2035 905 esse
2055 854 2184 905 'recte
2215 858 2434 916 negarunt.

558 935 793 981 Hadrianus
825 936 976 981 Junius
1010 938 1122 981 enim
1155 948 1240 995 ope
1270 935 1444 980 Antonii
1475 934 1711 981 Mor-ilionis
1761 935 1976 993 enjusdam
1998 935 2047 993 8)
2076 935 2158 981 'ex
2195 935 2475 994 bibliotheca,
2521 951 2629 997 quae
2669 938 2723 983 ad

437 1015 665 1060 ecclesiam
727 1012 1057 1058 Atrebatensem
1140 1012 1355 1071 Deiparae
1425 1014 1603 1070 virginis
1664 1013 1929 1073 pertinebat,
2027 1012 2219 1059 codicem
2249 1033 2253 1037 ²
2278 1016 2375 1060 sive
2398 1032 2414 1049 ν
2438 1014 2725 1076 apographum

435 1095 527 1151 ejus
574 1098 827 1151 acceperat,
882 1093 924 1136 iu
967 1104 1050 1150 quo
1101 1092 1406 1150 panegyricum
1455 1104 1549 1135 cum
1598 1089 1678 1135 hac
1727 1093 2001 1151 inscriptione
2048 1090 2296 1149 legebatur:
2356 1092 2523 1137 Lucani
2548 1107 2727 1150 poema

437 1173 495 1217 ad
528 1171 804 1229 Calpurnium
836 1170 1037 1214 Pisonem
1079 1183 1138 1214 ecc
1180 1168 1291 1213 libro
1326 1168 1608 1225 Catalecton,
1652 1168 1779 1227 idque
1823 1183 1975 1229 poema
2023 1168 2223 1215 Basileae
2267 1168 2396 1214 1556-
2421 1172 2471 1215 -in
2492 1187 2495 1192 ·
2514 1170 2727 1215 Animad⁴

437 1262 660 1295 versorum
705 1247 793 1292 Lib.
828 1247 886 1291 V1
929 1261 1020 1307 cap.
1066 1247 1088 1291 1
1137 1249 1249 1306 typis
1293 1248 1551 1306 exscriptum
1595 1248 1743 1291 emisit.
1809 1245 1904 1290 Jam
1948 1247 2030 1291 viri
2073 1245 2301 1292 doctissimi
2343 1246 2445 1292 nihil
2498 1248 2726 1307 impensius

440 1329 691 1385 enixiusque
733 1325 906 1381 facere,
959 1339 1084 1385 quam
1127 1339 1283 1370 novum
1321 1326 1536 1369 inventum
1574 1326 1801 1384 accipere,
1837 1322 2052 1383 probare,
2092 1323 2472 1381 divulgare‚-non
2501 1324 2626 1370 modo
2658 1328 2728 1384 qui

436 1405 648 1450 Lucanum
683 1402 905 1448 ediderunt
937 1402 1099 1449 Theod.
1140 1402 1394 1448 Pulmannus
1429 1408 1470 1447 et
1503 1400 1632 1459 Greg.
1665 1400 1986 1457 Bersmannus,
2034 1405 2118 1447 tum
2148 1401 2238 1448 Jos.
2272 1402 2470 1460 Scaliger
2500 1404 2542 1447 in
2574 1401 2727 1461 Virgili

438 1481 695 1543 Appendice
738 1488 863 1540 atque
898 1481 1110 1531 Pithoeus,
1132 1484 1175 1527 in
1205 1482 1532 1542 Epigrammatis
1566 1486 1608 1526 et
1640 1480 1894 1535 Poematiis,
1927 1479 2005 1525 sed
2039 1482 2162 1524 etiam
2193 1480 2263 1525 alii
2296 1482 2377 1526 viri
2411 1479 2588 1535 eruditi,
2623 1480 2723 1525 Ger.

438 1561 510 1605 Jo.
550 1559 725 1605 Vossius
748 1559 813 1617 9),
850 1560 949 1604 Nic.
983 1559 1190 1604 Heinsius
1214 1558 1301 1617 ¹⁰),
1335 1559 1428 1603 Pet.
1461 1558 1737 1602 Burmannus
1760 1557 1846 1615 1¹),
1879 1558 2009 1603 Rich.
2042 1557 2227 1615 Bentley
2254 1557 2348 1613 ¹²),
2381 1560 2525 1603 ceteri.
2568 1557 2726 1602 Omnes

440 1651 547 1683 vero
579 1639 622 1682 in
655 1651 709 1682 eo
740 1638 1073 1695 acquieverunt,
1107 1636 1219 1695 quod
1250 1636 1444 1682 Lucanus
1477 1636 1797 1680 familiaritatem
1834 1649 1926 1679 cum
1958 1634 2010 1679 C.
2042 1635 2197 1680 Pisone
2229 1637 2515 1681 contraxisset
2547 1637 2723 1694 ejusque

441 1717 584 1761 socius
619 1717 661 1759 in
693 1716 984 1772 conjuratione
1017 1715 1168 1760 fuisset
1192 1713 1288 1773 ¹3),
1336 1720 1378 1759 et
1408 1712 1520 1773 quod
1552 1726 1725 1757 carmen
1757 1713 2069 1772 panegyricum
2100 1714 2143 1757 in
2175 1711 2324 1757 codice
2358 1711 2632 1758 Atrebatensi
2657 1711 2727 1766 ¹⁴]

442 1795 538 1838 sive
583 1794 625 1836 in
659 1790 817 1837 scheda
849 1791 1240 1852 Scaligeriana15)
1290 1793 1476 1836 auctoris
1518 1805 1673 1836 nomen
1714 1790 1930 1836 Lucanum
1972 1791 2217 1850 inscriptum
2256 1787 2455 1834 habuisse
2497 1785 2727 1832 ferebatur.

443 1870 691 1929 Speciosius
724 1867 910 1913 fortasse
942 1866 985 1911 id
1019 1881 1097 1926 pro
1131 1867 1302 1911 Lucano
1336 1873 1511 1911 auctore
1546 1868 1730 1925 proferri
1763 1875 1957 1924 poterat,
1992 1867 2107 1923 quod
2137 1868 2414 1924 panegyrista
2453 1879 2519 1910 vs.
2549 1864 2610 1909 26
2647 1863 2727 1910 sibi

443 1947 625 1994 nondum
658 1947 904 1991 vicesimam
936 1949 1144 1990 aestatem
1174 1946 1343 1989 venisse
1377 1943 1501 1999 dicit,
1555 1941 1665 2001 quod
1698 1944 1741 1987 in
1772 1941 1985 1987 Lucanum
2018 1944 2173 2001 optime
2204 1941 2407 2001 quadrat,
2454 1943 2490 1988 si
2522 1943 2729 1996 statuitur,

444 2033 488 2070 ut
518 2040 646 2085 supra
680 2022 1090 2079 demonstravimus,
1145 2021 1192 2068 C.
1225 2021 1494 2082 Calpurnium
1525 2020 1724 2067 Pisonem
1757 2034 1867 2066 anno
1900 2019 1995 2067 810
2027 2021 2241 2067 consulem
2275 2022 2491 2067 suffectum
2523 2020 2658 2067 fuisse
2687 2026 2731 2065 et

442 2104 654 2148 Lucanum
704 2114 815 2146 anno
857 2107 952 2162 post
984 2101 1093 2146 illius
1127 2100 1410 2154 consulatum,
1460 2110 1542 2158 quo
1575 2100 1668 2158 ipsc
1700 2112 1833 2144 annos
1867 2097 1970 2143 XlX
2012 2111 2107 2143 cum
2137 2097 2325 2144 bimestri
2380 2104 2501 2144 uatus
2533 2103 2625 2144 erat
2651 2097 2728 2155 1⁶),

443 2194 613 2227 carmen
657 2180 965 2240 panegyricum
1007 2180 1247 2239 scripsisse.
1312 2176 1399 2223 Sed
1442 2183 1686 2235 argumenta
1736 2177 1834 2233 illu,
1880 2183 1924 2222 ut
1964 2177 2066 2223 nibil
2108 2177 2162 2222 de
2204 2177 2299 2222 stilo
2343 2176 2556 2232 dicamus,
2608 2178 2729 2222 nimis

442 2259 557 2305 levia
603 2264 646 2303 et
677 2256 803 2302 dubia
834 2262 941 2302 sunt.

498 2369 541 2419 1)
569 2372 669 2418 Apud
696 2371 856 2406 Wernsd.
886 2372 920 2405 Ρ.
949 2371 984 2406 L.
1011 2371 1053 2406 M.
1081 2371 1118 2406 Τ.
1146 2371 1192 2406 lv
1221 2381 1251 2417 p.
1285 2370 1372 2406 860.
1685 2365 1756 2469 103
1784 2369 1836 2405 Ad
1865 2369 1963 2406 ovid.
1992 2370 2033 2406 Α.
2062 2369 2104 2405 Α.
2131 2368 2167 2412 1,
2193 2368 2281 2404 234.

497 2422 545 2470 2)
574 2426 692 2467 Sigon.
714 2425 757 2456 de
775 2424 882 2466 judic.
911 2423 978 2462 Ill,
1007 2423 1068 2455 27.
1684 2422 1725 2454 11
1782 2423 1835 2456 Ad
1864 2425 1997 2456 Peli-on.
2025 2422 2074 2455 94
2099 2432 2131 2466 p.
2160 2421 2231 2454 451
2260 2423 2321 2455 Ed.
2349 2422 2372 2454 Ι.

497 2474 545 2521 3)
573 2476 659 2519 Lips.
701 2476 741 2509 ad
784 2476 885 2509 Tacit.
921 2474 1019 2517 xlv,
1078 2473 1135 2508 14.
1180 2474 1232 2509 Ab
1276 2474 1403 2509 Ouidio
1449 2478 1550 2507 aetas
1680 2473 1751 2518 12)
1781 2475 1832 2508 Ad
1861 2475 1976 2508 Horat.
2002 2473 2061 2507 od.
2092 2473 2160 2515 tv,
2186 2473 2232 2516 6,
2264 2473 2325 2507 25.

446 2526 641 2572 abjudicat.
709 2536 712 2537 ⁷
1679 2523 1750 2572 13)
1781 2525 1877 2567 Quod
1909 2526 1947 2562 G.
1975 2526 2006 2561 J.
2034 2525 2177 2561 Vossius
2214 2525 2255 2560 de
2291 2525 2366 2560 bist.
2395 2524 2480 2558 Lat..
2509 2522 2528 2556 Ι.
2567 2521 2585 2556 Ι.
2614 2524 2727 2556 contra

497 2576 547 2627 4)
579 2579 729 2613 Animad.
760 2578 826 2620 Vl,
872 2576 917 2621 1,
958 2578 1012 2612 ubi
1050 2582 1084 2612 et
1124 2579 1299 2613 carminis
1334 2578 1553 2611 maiestatem
1626 2577 1735 2613 Barth.
1764 2578 1784 2613 Ι.
1813 2578 1832 2612 Ι.
1861 2589 1893 2624 p.
1920 2577 2021 2612 2292
2051 2582 2185 2621 monet,
2211 2578 2254 2612 cl'.
2283 2577 2436 2620 Scaliger
2466 2575 2497 2609 in
2526 2578 2594 2609 not.
2626 2572 2685 2607 15.

447 2633 680 2667 Nasonianac
697 2631 917 2673 simplicitati
935 2631 1038 2674 [onya
1054 2631 1261 2665 dissimilem
1288 2639 1366 2663 esse
1392 2639 1553 2674 perverse
1682 2630 1749 2669 14)
1780 2630 1856 2663 Jun.
1882 2630 2056 2664 Animadv.
2084 2630 2104 2664 Ι.
2131 2630 2152 2662 l.

446 2683 579 2729 judicat.
1683 2678 1754 2728 15)
1784 2683 1907 2727 Scalig.
1931 2683 2084 2728 Append.
2108 2682 2227 2725 virgil.
2256 2692 2287 2727 p.
2303 2680 2377 2716 545
2409 2676 2527 2723 (Edi
2553 2678 2608 2711 val
2637 2676 2674 2711 T.
2695 2676 2723 2710 ll

502 2731 549 2783 5)
580 2735 629 2769 Ad
659 2734 771 2768 Rosin.
803 2734 936 2778 Antiqu.
961 2733 996 2776 1,
1029 2732 1074 2767 13
1105 2745 1137 2780 p.
1166 2734 1228 2768 58.
1628 2745 1659 2778 p.
1690 2733 1765 2767 279
1797 2735 1857 2770 Ed.
1886 2731 1965 2781 ΙΙΙ).
2001 2735 2105 2768 Hanc
2132 2735 2271 2768 Lucani
2302 2743 2376 2767 esse
2412 2730 2520 2773 fidem
2540 2729 2668 2772 fecerit
2696 2734 2729 2761 et

499 2787 547 2831 6)
578 2787 630 2820 Ad
658 2787 761 2820 Tacit.
787 2785 888 2827 xlv,
922 2784 980 2819 14.
1625 2786 1758 2819 scheda
1778 2787 1917 2819 calamo
1944 2786 2179 2828 exon-masin
2208 2793 2280 2831 qua
2308 2786 2361 2819 ita
2390 2782 2562 2826 scriplum
2589 2781 2723 2814 iuveni:

500 2834 548 2886 7)
578 2838 721 2873 Advers.
742 2837 858 2880 XLIX,
888 2837 909 2870 7
947 2849 980 2882 p.
1000 2836 1103 2872 2293
1135 2848 1203 2872 nec
1237 2838 1276 2871 ist
1304 2836 1388 2871 stilo
1414 2837 1556 2881 scripti,
1627 2839 1766 2872 Lucani
1793 2838 1993 2872 catalecton
2011 2838 2056 2872 de
2082 2838 2190 2872 laude
2209 2838 2360 2879 Pisonis3
2392 2841 2462 2869 tum
2488 2838 2521 2866 et
2546 2833 2626 2867 Piso
2649 2832 2728 2872 iste,

444 2901 513 2926 nec
539 2892 578 2925 in
603 2899 761 2935 persona
786 2889 976 2923 scribentis
1003 2889 1183 2935 quippiam
1209 2898 1308 2931 esse,
1336 2888 1431 2934 quod
1455 2887 1555 2933 ferre
1627 2888 1676 2923 ad
1701 2899 1801 2934 quem
1828 2887 2004 2925 scribitur.
2019 2907 2020 2910 =
2038 2889 2161 2925 Eadem
2188 2888 2260 2926 tere
2287 2890 2401 2923 monet
2431 2883 2470 2919 fl.
2488 2884 2527 2921 G.
2558 2883 2730 2919 Reicitur-«t.

445 2945 557 2989 possit
589 2943 754 2977 Ovidium
783 2942 908 2975 dicens.
1625 2941 1657 2976 in
1688 2941 1769 2985 syn.
1796 2941 1918 2988 Opusc.
1947 2953 1980 2988 p.
2010 2941 2061 2976 44
2088 2952 2151 2988 sq„
2179 2942 2238 2986 qui
2264 2940 2392 2975 multos
2417 2934 2613 2983 panegyrici
2639 2935 2730 2971 sati·

500 2991 548 3043 8)
578 2994 628 3029 Cf.
683 2995 725 3028 de
777 3004 841 3036 eo,
893 2993 948 3037 qui
985 2991 1134 3028 Antonio
1175 2992 1344 3028 Pei-enom
1393 2992 1552 3027 cardinali
1627 2993 1885 3039 quoa-cedices
1914 3004 2034 3030 nomen
2052 2994 2181 3028 Lucani
2221 3002 2301 3038 prae
2341 3002 2378 3026 se
2404 2986 2496 3025 terre
2525 2987 2731 3025 maledixit.

449 3048 671 3083 Granvellano
709 3046 981 3080 bibliothecarius
1017 3049 1051 3079 et
1087 3055 1105 3078 a
1142 3044 1251 3078 latinis
1286 3045 1443 3090 epistolis
1472 3048 1555 3087 erat,
1629 3046 1810 3091 Utrumque
1828 3047 1978 3081 codicem
1997 3042 2253 3080 candent-tiso
2274 3044 2355 3078 iufra
2372 3044 2497 3079 dooere
2517 3039 2732 3078 studebimus.

449 3099 687 3198 Eccgdbbisktl.
717 3098 804 3185 stu'd.
831 3096 1043 3184 eltymissliag.
1064 3097 1224 3132 German.
1252 3107 1285 3143 p.
1313 3096 1395 3132 75.-
1684 3094 1755 3147 16)
1783 3098 1834 3134 Cf.
1862 3096 1960 3133 Vitae
1989 3097 2129 3134 cottofl:
2152 3092 2269 3132 Lucani
2294 3096 2328 3132 ll
2356 3107 2387 3143 p.
2417 3094 2476 3130 to.

615 3163 633 3186 e
682 3152 733 3185 ist.
775 3155 818 3185 at.
869 3176 879 3192 ‚
961 3176 969 3185 .
