3256 3632
431 303 494 363 1³4

431 448 726 494 animadvertit
757 451 888 492 tom
918 443 1108 493 habitum
1140 446 1324 507 coloque
1355 452 1541 509 quodue
1561 446 1776 509 Calpurnii
1805 447 2036 510 pluresque
2065 449 2157 494 eim
2172 446 2408 494 eme-ttae
2438 453 2499 496 ad
2515 454 2718 499 &militue—

429 527 564 571 ἀδικε-
582 526 786 570 carminis
812 525 875 570 ad
906 523 1113 585 Calpur-u.
1144 525 1348 571 Pisonem
1375 527 1531 585 scripti
1559 526 1732 570 muttum
1766 528 1979 572 accedere
1992 559 2006 583 ,
2039 531 2085 572 ut
2109 528 2344 573 ‘verisimile
2372 528 2478 586 fiat,
2527 527 2716 587 Calpur-

427 606 542 647 nium
572 603 632 649 ad
660 602 744 646 ltoc
776 615 980 660 carmen,
1011 604 1127 664 quod
1158 604 1217 647 ad
1246 604 1444 662 moilen·
1472 603 1545 646 cel
1571 604 1862 660 cognominem
1892 606 2029 648 cirum
2060 606 2265 661 scriptum
2296 608 2436 661 aret,
2478 606 2715 664 praecipue

428 682 663 727 attendisse
691 682 821 742 idque
849 682 1038 728 studiose
1079 683 1246 740 lcqiuc.
1274 733 1278 734 ⁷
1307 680 1626 726 Similitudinum
1659 680 1870 741 quandam
1903 683 2015 726 inter
2047 680 2244 738 eclogam
2280 681 2470 740 quartam
2500 681 2713 744 Calpurnii

429 765 472 805 et
502 773 676 805 carmen
707 759 892 805 nostrum
923 758 1392 805 intercedere‘Beckius
1419 756 1459 805 ¹)
1483 772 1663 819 -quoque
1686 758 1899 816 concedit,
1930 758 2009 805 sed
2042 764 2207 819 poetam
2240 757 2476 804 bucolicum
2510 763 2714 807 rationem

428 839 682 898 panegyrici
709 838 908 883 carminis
933 844 1109 898 propter
1128 839 1307 883 nominis
1328 835 1584 882 adfinitatem
1604 836 1806 883 habuisse
1825 844 1966 896 negat.
2001 837 2199 882 Proximo
2221 843 2358 882 autem
2382 837 2715 897 temporeMaur.

428 914 649 975 Hauptius‚
686 921 728 960 et
758 914 1046 961 bucolicorum
1079 923 1122 961 et
1155 918 1408 977 panegyrici
1427 916 1639 961 Pisoniani
1672 922 1886 960 auctorem
1920 914 2100 959 eundem
2133 928 2234 960 esse
2266 921 2398 971 ratus,
2431 916 2713 961 coniecturam

429 1006 563 1046 suam,
596 991 866 1038 Lachmanne
899 1007 1068 1052 quoque
1102 993 1320 1053 probatam
1344 994 1411 1051 ²),
1444 995 1702 1050 argumentis
1733 991 1798 1036 his
1831 990 2083 1036 confirmare
2103 990 2258 1036 studuit
2282 990 2349 1049 3),
2383 990 2495 1051 quod
2513 1006 2712 1037 versuum

429 1069 646 1115 artificium
678 1070 926 1116 mirabiliter
955 1073 1068 1116 inter
1095 1071 1286 1116 bucolica
1319 1078 1361 1116 et
1391 1073 1698 1131 panegyricum
1730 1069 1895 1115 Pisonis
1927 1071 2141 1129 conspiret
2163 1064 2240 1128 4),
2297 1076 2339 1114 et
2370 1070 2482 1129 qnod
2514 1073 2716 1116 orationis

431 1146 636 1207 quaedam
671 1149 966 1194 convenientia
995 1150 1038 1193 in
1071 1147 1341 1195 dissimilibus
1374 1151 1602 1195 carminum
1635 1146 1868 1207 generibus
1898 1153 2117 1207 appareat,
2147 1153 2188 1192 et
2220 1144 2331 1206 quod
2363 1146 2543 1205 eclogae
2592 1154 2716 1207 atque

432 1224 615 1268 laudatio
670 1225 836 1269 Pisonis
890 1224 1072 1268 eandem
1134 1232 1290 1285 poetae
1364 1225 1544 1270 bucolici
1595 1232 1637 1269 et
1688 1226 1998 1285 Panegyristae
2057 1224 2338 1269 conditionem
2392 1227 2617 1270 iuventutis
2676 1232 2717 1268 et

428 1304 690 1361 paupertatis
731 1301 968 1347 ostendant.
1031 1302 1175 1360 Idem,
1229 1318 1353 1363 quum
1416 1307 1562 1348 mirum
1607 1306 1661 1349 sit
1705 1303 1856 1348 eodem
1897 1305 2068 1348 nomine
2110 1308 2277 1362 poetam
2309 1299 2547 1348 bucolicum
2587 1309 2713 1361 atque

430 1381 627 1428 Pisonem
657 1381 852 1427 laudibus
887 1381 1148 1428 celebratum
1189 1387 1446 1444 nuncupari,
1491 1396 1749 1443 persuasum,
1772 1381 1901 1427 habet
1931 1381 2023 1426 fleri
2056 1384 2272 1441 potuisse,
2318 1388 2360 1426 ut
2392 1387 2518 1441 poeta
2551 1393 2574 1425 a
2607 1379 2713 1425 Cal-

428 1461 583 1519 purnio
614 1460 770 1505 Pisone
813 1474 898 1504 non
941 1461 1078 1505 solum
1108 1460 1342 1506 liberaliter
1381 1460 1680 1506 sublevaretur
1721 1460 1800 1505 sed
1845 1462 1969 1503 etiam
2009 1458 2303 1518 adoptaretur3
2350 1459 2503 1502 fartum
2548 1471 2715 1516 quoque

429 1543 572 1595 putat,
614 1544 659 1581 ut
700 1541 887 1582 carmina
928 1538 1120 1583 bucolica
1160 1553 1245 1583 uno
1290 1541 1505 1584 volumine
1549 1539 1728 1583 collecta
1761 1545 1803 1582 et
1836 1537 2038 1595 adoptivo
2071 1535 2285 1595 Calpurnii
2317 1538 2486 1580 nomine
2517 1537 2714 1592 inscripta

431 1613 673 1659 ederentur.
736 1615 895 1672 Negari
947 1630 1032 1661 non
1073 1622 1212 1676 potest
1253 1619 1521 1675 ingeniosam
1565 1631 1668 1661 esse
1712 1616 1819 1660 hanc
1851 1617 2170 1669 coniecturam,
2221 1614 2298 1658 sed
2331 1616 2370 1658 ei
2402 1626 2543 1671 neque
2573 1612 2716 1656 Bern-

430 1691 567 1752 hardy
590 1691 639 1750 5)
680 1692 984 1752 adstipulatur,
1037 1707 1176 1752 neque
1219 1708 1298 1739 nos
1331 1695 1536 1739 calculum
1572 1695 1761 1752 adjicere
1794 1707 2030 1751 possumus.

552 1769 719 1814 Etenim
774 1772 1034 1830 singularem
1084 1772 1320 1818 hexametri
1365 1779 1614 1818 structuram
1668 1771 1779 1831 quod
1824 1773 1994 1826 attinet,
2048 1774 2261 1828 comparat
2302 1766 2468 1826 quidem
2511 1765 2715 1826 Hauptius

429 1860 588 1891 versus
619 1846 930 1905 Panegyristae
969 1853 1065 1907 post
1109 1854 1300 1907 quartum
1333 1849 1577 1893 trochaeum
1620 1852 1806 1902 incisos,
1855 1861 2032 1905 quorum
2075 1846 2402 1889 observavimus
2444 1843 2570 1899 XlV,
2621 1857 2714 1888 cum

428 1922 727 1984 Calpurnianis
748 1923 949 1980 LXVIII,
983 1924 1060 1970 sed
1086 1928 1248 1970 numeri
1270 1928 1377 1970 ratio
1400 1939 1484 1971 non
1511 1932 1575 1971 est
1602 1925 1777 1980 eadem,
1812 1938 1936 1983 quum
1962 1924 2239 1983 Panegyrista
2263 1923 2453 1980 singulos
2476 1923 2713 1967 trochaicos

431 2004 475 2046 in
522 2001 829 2047 duodevicenis
871 2002 1026 2047 habeat
1072 2002 1300 2058 versibus,
1355 2002 1605 2063 Calpurnius
1637 2016 1745 2048 vero
1788 2004 1830 2046 in
1875 2001 2063 2046 undenis.
2126 1999 2290 2045 Eodem
2335 2003 2425 2044 iure
2458 2006 2500 2045 et
2530 1999 2715 2044 fortasse

432 2078 612 2124 meliore
654 2093 810 2124 versus
850 2080 1076 2135 trochaici,
1121 2084 1189 2139 qui
1222 2088 1317 2126 sunt
1349 2083 1390 2126 in
1433 2083 1619 2125 carmine
1650 2080 1903 2134 Pisoniano,
1949 2092 2040 2122 cum
2074 2077 2244 2122 Silianis
2293 2078 2479 2122 confern‘
2523 2070 2714 2137 possunt,

433 2168 608 2213 quorum
648 2158 790 2200 viceni
829 2157 982 2215 singuli
1031 2172 1157 2202 unum
1199 2158 1457 2203 trochaicum
1502 2159 1726 2202 continent.
1804 2155 1924 2200 Haud
1965 2157 2099 2212 magis
2146 2154 2326 2214 Hauptio
2369 2156 2564 2199 assentiri
2606 2167 2715 2214 pos-

431 2246 574 2278 sumus
618 2234 660 2277 in
705 2247 783 2288 ee,
834 2235 945 2293 quod
978 2235 1302 2294 Panegyristam
1344 2242 1471 2294 atque
1514 2233 1783 2293 Calpurnium
1824 2239 2000 2292 propter
2044 2245 2182 2276 rarum
2214 2232 2402 2277 elisionis
2444 2245 2590 2287 usum,
2646 2233 2715 2290 qui

434 2310 543 2371 apud
591 2316 812 2370 utrumque
855 2320 1082 2372 appareat,
1140 2313 1323 2359 eundem
1365 2327 1464 2359 esse
1506 2318 1721 2357 auctorem
1766 2317 1922 2356 censet.
1986 2309 2089 2354 Nam
2132 2311 2173 2354 in
2221 2311 2484 2369 panegyrico
2522 2307 2607 2364 IV,
2673 2310 2715 2352 in

434 2389 596 2447 eclogis
628 2388 847 2450 Calpurnii
878 2390 1024 2437 XXVI
1066 2398 1161 2437 sunt
1202 2391 1431 2446 elisiones,
1482 2393 1538 2436 ita
1583 2396 1626 2434 ut
1669 2389 1862 2447 singulae
1898 2390 1939 2432 in
1981 2387 2056 2432 illo
2087 2388 2319 2444 sexagenis
2350 2388 2512 2445 quinis,
2562 2388 2605 2431 in
2634 2386 2716 2431 hoo

434 2468 720 2516 undetricenis
751 2470 951 2517 versibus
983 2474 1171 2517 insertae
1192 2473 1285 2517 sint.
1329 2469 1450 2525 Quae
1482 2470 1794 2523 convenientia,
1830 2470 1866 2512 si
1891 2466 2015 2510 talem
2049 2467 2269 2510 nominare
2300 2463 2456 2524 placet,
2489 2466 2626 2525 potius
2661 2464 2715 2509 ad

435 2547 714 2592 Claudianum
751 2552 1006 2607 pertineret,
1057 2551 1175 2594 cuius
1216 2551 1259 2593 in
1291 2550 1555 2608 panegyrico
1598 2549 1638 2590 in
1671 2545 1730 2589 tv
1775 2543 1948 2588 Consul.
1982 2542 2157 2586 Honorii
2201 2539 2349 2586 eadem
2394 2548 2460 2586 est
2492 2542 2713 2587 elisionum

440 2633 547 2676 ratio
572 2624 635 2683 ⁶).
700 2627 878 2673 Accedit
909 2628 1022 2688 quod
1055 2628 1308 2687 Calpurnius
1338 2626 1564 2684 ecthlipses
1596 2631 1682 2669 tres
1715 2622 1866 2678 habet,
1899 2622 2176 2680 panegyrista
2209 2628 2353 2667 noster
2384 2621 2550 2667 nullam.
2609 2621 2715 2666 Tum

438 2802 547 2810 ———

490 2895 508 2931 1
569 2907 602 2942 p.
629 2895 692 2929 23.
1621 2882 1733 2936 109),
1761 2884 1888 2921 tnmXI
1914 2881 2037 2931 (immo
2062 2884 2153 2929 XIV,
2183 2884 2270 2919 adde
2297 2883 2358 2918 84.
2389 2880 2474 2917 101.
2506 2881 2603 2932 130)
2631 2895 2716 2919 ver·-

488 2948 512 2984 2
570 2946 624 2983 Ad
650 2947 783 2983 Luci-et.
812 2945 845 2980 in
873 2944 938 2979 line
966 2953 998 2989 p.
1026 2940 1113 2985 326,
1142 2942 1193 2978 cui
1223 2942 1367 2978 accessit
1381 2938 1546 2977 Lehmann
1615 2939 1706 2974 sibus
1731 2941 1809 2984 post
1826 2941 1976 2984 quartum
2002 2939 2195 2974 trochaeum
2221 2935 2334 2976 incisis
2362 2929 2448 2983 (34.
2476 2933 2535 2971 62.
2562 2936 2624 2973 83.
2654 2935 2716 2972 92.

439 3000 472 3035 in
501 2999 642 3035 Claudio
671 2997 708 3033 T.
737 2997 752 3032 1
780 3008 812 3042 p.
841 2993 903 3031 21.
1621 2990 1671 3025 94
1699 2991 1783 3034 etc.)
1821 2994 1855 3026 et
1888 2999 1966 3026 raro
2004 2989 2154 3025 elisionis
2188 2983 2369 3035 uau‘(24.
2405 2983 2496 3035 81),
2540 2988 2583 3024 ad
2617 2997 2714 3033 quem

493 3052 515 3087 3
566 3049 619 3087 De
647 3050 793 3088 carmine
820 3048 930 3085 bucol.
960 3059 993 3095 p.
1011 3045 1073 3082 26.
1620 3042 1773 3079 Lehrsins
1808 3042 1932 3089 primus
1969 3041 1989 3077 l.
2022 3048 2120 3087 supra
2147 3039 2168 3076 l.
2195 3039 2335 3076 animum
2361 3041 2559 3077 attenderat.

495 3105 519 3138 4
575 3105 810 3139 Demonstrat-e
838 3101 871 3135 id
903 3100 972 3136 vult
1001 3110 1059 3134 usu
1091 3100 1212 3143 longae
1238 3108 1259 3132 ο
1288 3097 1418 3134 nonnisi
1444 3096 1548 3130 semel
1671 3091 1718 3145 5)
1747 3096 1886 3131 Grundr.
1912 3095 1944 3129 d.
1976 3093 2012 3128 R.
2041 3094 2076 3127 L.
2103 3104 2135 3139 p.
2163 3091 2250 3126 458.

444 3159 476 3190 in
506 3167 538 3189 v.
552 3158 673 3190 nescio
702 3150 826 3202 (252)
856 3158 890 3187 et
918 3154 950 3187 in
979 3163 1010 3186 v.
1022 3152 1102 3186 Piso
1130 3146 1216 3197 (65.
1245 3149 1305 3184 75.
1333 3145 1418 3185 1'17.
1445 3141 1547 3194 24¹)
1669 3146 1716 3192 6)
1747 3148 1798 3183 Ab
1826 3147 1921 3182 initio
1960 3143 2105 3179 1—261
2139 3145 2268 3182 nonnisi
2304 3156 2425 3181 novem
2464 3147 2624 3191 apparent
2650 3143 2716 3178 eli-

442 3211 620 3253 correptae
660 3202 744 3254 (sed
774 3206 816 3241 cl'.
845 3205 962 3251 virgil.
995 3204 1037 3240 A.
1066 3201 1113 3248 ll,
1144 3201 1217 3237 735
1258 3205 1292 3237 et
1319 3200 1472 3238 Juvenal.
1503 3199 1547 3242 V,
1617 3199 1740 3236 siones.

3248 645 3256 701 -Λ-
3255 555 3256 599 ᾼᾼ.
3254 477 3256 485 ᾼ
