3256 3632
640 504 703 539 ⁵¹⁰·
852 512 1027 574 ipsaque
1070 510 1217 556 neseio
1257 507 1355 571 quid
1401 521 1521 576 mens
1562 506 1844 570 excellentius
1891 505 2030 552 audet.
2498 500 2570 533 ¹⁸¹¹'·

851 610 895 649 tu
938 600 1054 649 nanti
1092 584 1304 665 protende
1337 587 1529 659 ma'ifum3
1574 593 1647 658 tu,
1698 597 1824 657 Piso,
1840 618 1857 632 ·
1870 597 2068 645 latentem

853 713 1013 755 exere;
1062 712 1140 747 nos
1185 697 1350 745 humilis
1388 696 1535 744 domus
1578 702 1621 743 et
1664 698 1831 743 sincera
1873 699 2091 756 parentum

645 809 707 841 255
853 794 930 842 sed
972 798 1110 841 tenuis
1148 794 1315 840 fortuna
1363 807 1438 839 sua
1478 792 1660 850 ealigine
1706 791 1828 837 celat.

2510 783 2571 814 243

853 903 1081 950 possumus
1122 890 1325 948 impositis
1367 873 1508 947 eaputv
1531 901 1774 932 exonerare
1813 885 2000 931 tenebris

857 993 897 1030 et
939 986 1074 1030 lucem
1122 990 1318 1044 spectare
1355 983 1536 1039 novam,
1584 985 1622 1027 si
1666 981 1763 1041 quid
1805 981 1931 1025 modo
1970 981 2107 1024 laetus

856 1082 1003 1125 annuis
1046 1085 1088 1124 et
1126 1080 1283 1123 nostris
1323 1076 1581 1133 subscribis,
1631 1063 1838 1133 candide,
1892 1077 2015 1121 votis.

857 1179 923 1218 est
952 1172 1075 1229 mihi,
1117 1172 1275 1229 crede,
1316 1174 1422 1217 meis
1459 1174 1620 1217 animus
1662 1173 1920 1216 constantior
1961 1171 2097 1223 annis,

648 1296 713 1327 250
858 1270 1046 1329 quamvis
1089 1283 1200 1314 nune
1241 1268 1427 1314 iuvenile
1470 1267 1601 1314 decus
1641 1268 1738 1314 mibi
1780 1270 1959 1328 pingere
2002 1266 2133 1312 malas
2508 1262 2572 1294 ²⁴8

860 1363 1050 1423 coeperit
1098 1369 1140 1408 et
1181 1361 1364 1409 nondum
1406 1364 1608 1409 vicesima
1649 1364 1819 1409 venerit
1861 1366 2014 1406 aestas.

507 1603 570 1636 Sic.
595 1603 666 1637 Bas.
689 1601 803 1636 uim.
821 1603 853 1636 2.
866 1602 897 1634 3.
920 1602 1021 1645 Lngd.
1045 1603 1077 1635 3.
1099 1601 1242 1643 Rerum„
1267 1611 1334 1634 non
1353 1601 1510 1644 probam,
1535 1606 1569 1633 et

506 1664 594 1697 Cort.
638 1663 744 1706 Negat
758 1673 794 1696 se
815 1663 898 1694 hanc
916 1661 1090 1694 lectionem
1101 1663 1135 1694 in
1148 1661 1230 1693 libro
1248 1661 1568 1694 invenisseWernsd.

592 1734 640 1756 va.
663 1723 738 1756 253.
782 1721 922 1754 audenti
941 1731 999 1764 pro
1023 1725 1062 1753 tu
1081 1720 1182 1752 nonen·
1199 1725 1282 1753 teste
1296 1719 1448 1753 Wernsd.
1470 1728 1569 1762 prae·

505 1779 580 1814 tulit
592 1779 743 1819 Santen.,
766 1782 823 1822 qni
845 1783 878 1812 et
900 1782 938 1811 tu
961 1780 1036 1810 neta·
1056 1790 1074 1811 a
1097 1780 1168 1810 viro
1191 1779 1288 1813 docto
1304 1779 1346 1813 ad
1360 1779 1446 1813 hune
1459 1778 1569 1813 locum

507 1851 579 1874 esse
605 1845 750 1874 notatum
763 1838 883 1872 scribit.
918 1839 1062 1871 santenii
1076 1838 1285 1870 coniecturae
1306 1837 1496 1871 adversatur
1507 1839 1566 1872 Bk.

506 1902 616 1932 Burm.
649 1901 691 1931 ad
712 1900 857 1939 Prope-t.
879 1898 963 1936 1‚16‚
987 1899 1029 1929 25
1062 1897 1144 1928 nihil
1173 1903 1279 1928 tamen
1310 1907 1447 1928 monens
1479 1898 1571 1929 affert
1640 1917 1647 1923 ·

508 1967 545 1994 tu
567 1960 655 2000 voti,
687 1958 775 2001 quod
810 1964 843 1990 et
862 1956 893 1990 H
926 1957 1002 1998 Lag.
1024 1957 1195 1989 invenerat
1223 1966 1264 1988 ex
1291 1960 1330 1988 tu
1352 1956 1446 1996 nati,
1481 1956 1569 1999 quod

509 2025 558 2053 est
578 2020 612 2052 in
625 2018 696 2052 VA.
720 2036 761 2042 —
784 2017 1023 2052 Prorlatentem
1032 2015 1140 2049 Burm.
1153 2014 1207 2050 l.l.
1230 2014 1376 2048 tentabat
1395 2014 1568 2055 inea-tem,

509 2081 597 2121 quod
618 2078 771 2119 reprobat
791 2076 833 2109 H.
855 2077 931 2118 Lag.

594 2150 641 2170 vu.
665 2137 740 2169 254.
785 2146 895 2168 essere
917 2134 984 2167 CO.
1008 2134 1069 2167 nd.
1097 2134 1157 2167 Bk.
1191 2153 1224 2159 —
1258 2145 1325 2165 non
1350 2135 1485 2166 humilis
1506 2136 1568 2166 iam

509 2198 588 2233 Tou.
612 2198 645 2231 in
668 2197 793 2231 Auson.
816 2194 902 2229 Grat.
925 2194 995 2228 Act.
1030 2204 1062 2236 p.
1087 2194 1172 2234 716,
1200 2193 1290 2237 quod
1311 2194 1440 2236 ignorat
1469 2194 1569 2228 Beck.

512 2259 618 2293 ΗΝΘ.
651 2268 715 2289 non
734 2266 793 2300 pro
806 2266 866 2289 noe
880 2260 1090 2289 correxerunt
1099 2254 1160 2288 nd.
1174 2254 1233 2296 (ef.
1245 2254 1346 2289 Praei.
1356 2264 1389 2297 p.
1397 2255 1427 2288 11
1438 2260 1570 2297 propter

509 2319 683 2353 verborum
705 2322 897 2350 structuram
920 2321 953 2348 et
974 2324 1103 2347 sensum
1126 2314 1192 2347 loci
1214 2315 1415 2358 nexumque)
1453 2320 1487 2347 et
1508 2314 1568 2347 Bk.

509 2381 566 2420 (ei.
577 2378 704 2420 Proleg.
723 2388 755 2419 p.
769 2377 807 2408 11
819 2378 895 2419 ιφ),
916 2377 972 2418 qui
995 2381 1027 2406 et
1051 2381 1125 2406 ante
1144 2384 1176 2405 v.
1186 2378 1366 2413 parentum
1390 2374 1568 2416 distinguit.

509 2439 617 2472 Heldii
651 2444 684 2470 et
717 2437 831 2469 Beekii
862 2438 1080 2468 coniecturam
1119 2435 1239 2476 optime
1275 2432 1393 2465 refutat
1423 2433 1507 2475 Ung.
1536 2443 1569 2475 p.

509 2500 575 2533 264
596 2510 645 2542 sq.
679 2516 719 2522 —-
753 2497 814 2530 Pro
836 2501 868 2529 et
889 2497 974 2530 sinc.
997 2496 1120 2538 LipaIus
1142 2495 1176 2526 in
1198 2494 1318 2526 Lucani
1340 2482 1479 2536 quodam
1511 2503 1572 2526 ex-

510 2558 617 2601 emplo
648 2558 866 2590 bibliothecae
901 2555 1065 2589 Leidensis
1094 2553 1245 2587 Wernsd.
1284 2558 1366 2585 teste
1402 2555 1573 2595 scripserat

509 2625 543 2651 a!
567 2619 652 2652 aine.
676 2636 716 2642 -
741 2628 882 2659 syncera
906 2617 970 2649 Sic.
991 2616 1062 2649 uic.
1089 2616 1119 2647 1.
1146 2616 1177 2648 3.
1199 2615 1302 2657 Lugd.
1313 2615 1344 2647 2.
1365 2614 1396 2647 3.
1422 2613 1571 2646 anoor.

595 2689 643 2710 vs.
666 2679 741 2710 255.
788 2676 848 2709 Pro
880 2675 938 2707 sed
969 2675 1081 2709 Reich.
1104 2674 1226 2708 mavult
1255 2678 1303 2714 ei,
1329 2675 1391 2707 nisi
1420 2675 1504 2707 celat
1527 2675 1571 2706 ita

1643 1599 1822 1643 intelligas,
1858 1603 1894 1630 ut
1917 1599 1957 1630 de
1987 1598 2084 1629 domo
2117 1601 2240 1628 tantum
2271 1600 2450 1638 usurpetur.
2512 1595 2597 1627 Nihil
2634 1605 2705 1627 esse

1644 1660 1886 1701 corrigendum,
1920 1658 1978 1690 sed
2003 1658 2138 1689 humilis
2162 1659 2277 1689 domus
2304 1662 2334 1688 et
2358 1659 2503 1697 sort-nu
2527 1660 2707 1695 parentum

1642 1719 1796 1756 sincera,
1820 1716 1937 1761 quibus
1959 1717 2018 1749 aed
2039 1718 2150 1750 tenuis
2173 1722 2371 1759 opponatur,
2396 1724 2467 1748 esse
2479 1715 2706 1757 coniungenda

1643 1778 1721 1812 dicit
1747 1777 1873 1812 Censor
1902 1777 1984 1811 nau.
2007 1777 2041 1812 L.
2064 1777 2099 1811 Z.
2137 1777 2217 1812 1837
2260 1777 2338 1819 Erg.
2362 1775 2400 1809 51
2435 1785 2466 1818 p.
2491 1775 2555 1809 403
2578 1785 2627 1818 sq.
2665 1793 2704 1798 —

1643 1840 1753 1871 caelat
1777 1840 1841 1879 Sic.
1865 1838 1966 1872 Pulm.
1991 1839 2022 1872 1.
2046 1839 2077 1871 2.
2101 1838 2185 1871 Scal.
2211 1839 2238 1870 1.
2260 1839 2291 1870 3.
2315 1838 2395 1870 Pith.

1729 1908 1776 1929 vs.
1801 1899 1878 1929 256.
1921 1907 2085 1928 exornare
2104 1897 2254 1927 Francoi.
2284 1903 2316 1927 et
2348 1896 2443 1927 Ovid.
2469 1897 2564 1926 1649.
2597 1896 2705 1926 Burm.

1643 1956 1683 1989 ad
1706 1956 1850 1997 Propert.
1876 1955 1901 1994 1,
1930 1956 1982 1995 10,
2005 1955 2046 1988 15
2080 1954 2272 1988 emendabat
2299 1961 2480 1993 exsertare,
2522 1954 2608 1996 quod
2644 1956 2706 1987 im-

1643 2019 1767 2059 pugnat
1788 2014 1828 2047 H.
1852 2014 1927 2058 Lag.

1730 2086 1779 2107 vs.
1803 2077 1877 2108 258.
1923 2076 2046 2106 adnuis
2070 2075 2157 2107 Cort.

1729 2146 1777 2168 vs.
1801 2136 1877 2167 259.
1922 2140 1992 2171 est,
2017 2135 2101 2166 nihi
2123 2135 2241 2170 erede.
2267 2136 2346 2165 meis
2370 2134 2440 2166 Mic.
2468 2136 2496 2165 1.
2543 2140 2590 2165 eol
2612 2136 2705 2171 mihi,

1644 2195 1760 2232 erede,
1785 2194 1865 2228 min
1888 2195 1998 2228 ceteri.
2054 2222 2056 2225 ,

1730 2265 1777 2289 vs.
1801 2255 1875 2287 261.
1922 2259 2015 2287 oetan
2040 2255 2114 2289 Slc.
2138 2255 2238 2297 Lugd.
2264 2255 2293 2287 1.
2318 2254 2349 2286 3.
2374 2252 2445 2285 nic.
2474 2254 2501 2287 1.
2525 2254 2555 2286 2.
2580 2254 2610 2286 3.
2636 2253 2703 2286 Bu.

1645 2315 1759 2349 Colon.
1785 2316 1816 2347 2.
1842 2314 1990 2346 Francos.
2023 2320 2056 2346 et
2086 2324 2144 2356 pro
2172 2324 2203 2348 ν.
2228 2314 2249 2346 l.
2283 2313 2370 2346 Cort.
2425 2317 2535 2344 aestas
2559 2313 2630 2347 Bas.
2643 2314 2703 2354 (27).

1643 2375 1732 2416 Lugd
1770 2376 1801 2406 2.
1825 2374 1904 2406 IUN.
1929 2374 1996 2406 CO.
2020 2374 2080 2405 Hd.
2111 2374 2170 2405 Bk.
2196 2380 2228 2405 et
2250 2383 2309 2414 pro
2334 2384 2365 2403 v.
2389 2373 2409 2405 Ι.
2443 2373 2514 2404 uic.
2547 2373 2648 2414 Lugd.
2673 2374 2704 2405 3.

1645 2435 1779 2473 Bersm.‚
1803 2444 1843 2465 ex
1863 2433 1963 2465 tribus
1986 2433 2075 2465 libris
2096 2434 2127 2465 id
2152 2433 2303 2474 probam,
2328 2438 2362 2464 et
2376 2432 2492 2465 Colon.
2505 2433 2707 2467 2.—Bartb.

1645 2496 1677 2527 in
1701 2493 1959 2531 Advera.XL1X‚
1975 2495 2005 2533 7,
2028 2493 2174 2525 ordinem
2196 2503 2348 2524 versuum
2372 2492 2540 2524 lunianum
2563 2499 2707 2531 secutus,

1646 2563 1773 2586 carmen
1796 2564 1860 2585 non
1884 2555 2044 2595 integrum
2068 2553 2108 2584 ad
2129 2563 2189 2584 nos
2205 2554 2393 2594 pervenisse
2408 2551 2592 2591 arbitratur,
2616 2554 2707 2585 cuius

1617 2630 1622 2634 ·
1644 2616 1832 2646 sententiam
1857 2613 2004 2645 Wernsd.
2027 2622 2057 2654 p.
2073 2613 2115 2645 45
2139 2611 2269 2645 refellit.
2315 2613 2427 2645 Finem
2452 2615 2641 2655 panegyrici
2659 2614 2705 2645 bis

1645 2673 1791 2707 versibus
1814 2679 1886 2715 apte
1910 2674 2059 2705 constitui
2083 2672 2178 2704 docet
2201 2672 2274 2714 Ung
2308 2683 2328 2714 p
2362 2674 2435 2706 273.
