3256 3632
679 375 742 408 ⁸1⁶·
890 386 1100 420 exercere
1141 371 1260 419 sales
1297 372 1408 417 iuer
1449 369 1664 413 convivia.
1688 368 1836 426 poesit.
2530 362 2601 394 ¹¹·-

889 472 969 515 ista
1012 466 1161 527 procul
1202 463 1355 518 labem,
1398 461 1551 522 procul
1586 460 1700 507 hese«
1734 459 1900 505 fonuna
1943 459 2121 516 refugit.

890 565 1015 618 Ρίεο,
1058 569 1168 606 tuam
1212 557 1456 605 venerande
1492 557 1698 611 »ὂψεως
1731 562 1776 599 tu
1817 557 1925 599 mitis
1968 560 2015 598 et
2049 557 2138 597 acri

686 659 750 690 ¹³0
893 658 1118 718 asperitate
1161 656 1593 714 careusvpositoqnoe
1615 664 1700 712 per
1738 653 1878 696 omnia
1921 650 2033 696 fastu
2540 645 2601 674 ¹¹8

893 754 1000 796 inter
1042 756 1086 794 ut
1126 748 1339 807 aequales-
1362 761 1481 792 unua
1517 747 1754 791 muneraris
1802 746 1984 799 amicus,

894 844 1224 902 obsequiumque
1266 839 1405 884 doces
1440 844 1484 884 et
1524 851 1717 884 autorem
1751 840 1921 896 quaeris
1960 836 2155 882 amando.

896 945 1044 984 cuncta
1086 937 1236 984 domus
1276 939 1396 984 vatia
1438 935 1645 981 cultorum
1691 940 1894 995 personat
1938 941 2054 990 arte,

897 1041 1044 1080 cuncta
1084 1039 1227 1079 movet
1266 1032 1468 1087 studium3
1503 1044 1595 1079 nec
1634 1032 1746 1076 en‘in
1786 1029 1858 1075 tibi
1902 1029 2009 1074 dura
2052 1028 2248 1074 clientum

691 1139 752 1170 135
897 1130 1016 1175 turba
1058 1129 1230 1174 rudisve
1269 1129 1441 1188 placet,
1487 1128 1643 1172 misero
1685 1140 1793 1184 quae
1835 1126 1948 1169 freta
1986 1124 2139 1168 labore
2544 1125 2605 1155 ¹23

900 1228 956 1272 nil
997 1229 1075 1272 nisi
1118 1232 1326 1271 summoto
1363 1226 1483 1269 novit
1523 1222 1789 1282 praeoedere
1827 1222 1987 1279 vulgo,

900 1321 976 1365 sed
1021 1324 1155 1365 virtus
1196 1331 1421 1364 numerosa
1464 1321 1591 1363 iuvat.

1661 1325 1704 1362 tu
1748 1330 1907 1377 pronus
1948 1319 1990 1360 in
2032 1329 2157 1360 omne

899 1420 1071 1475 pectora
1114 1413 1236 1461 ducis
1273 1427 1406 1474 opis,
1454 1427 1533 1460 seu
1576 1418 1617 1460 te
1658 1414 1859 1471 graviora
1902 1418 2136 1466 vocarunt,

901 1526 979 1556 seu
1020 1511 1184 1556 leviora
1228 1514 1399 1565 iuvant3
1446 1525 1531 1557 nec
1570 1514 1679 1555 enim
1724 1511 1921 1554 facundia
1961 1523 2134 1568 semper

696 1618 760 1649 140
901 1606 1079 1652 adducta
1122 1621 1215 1652 cum
1256 1607 1400 1654 fronte
1437 1607 1589 1668 placet.

1660 1621 1750 1652 non
1785 1620 1956 1667 semper
1997 1609 2042 1651 in
2082 1608 2210 1650 annis
2552 1602 2611 1635 ¹²²⁵

903 1701 1055 1747 bellica
1098 1702 1223 1749 turba
1258 1709 1424 1760 unet,
1469 1717 1551 1750 nec
1590 1709 1677 1748 iota
1719 1703 1921 1749 classicus
1963 1701 2119 1747 horror

903 1802 1027 1841 nocte
1070 1795 1222 1855 dieque
1264 1800 1422 1855 gemit,
1468 1811 1550 1842 nec
1591 1811 1760 1857 semper
1803 1796 1984 1842 Cnosius
2028 1810 2170 1839 arcum

552 2037 687 2071 Sueton.
714 2035 827 2071 Octav.
853 2037 911 2074 17.
937 2036 1024 2080 quod
1048 2037 1081 2069 in
1105 2042 1210 2070 aetate
1248 2038 1397 2070 carminis
1428 2039 1615 2081 panegyrici

552 2095 734 2128 definienda
764 2095 890 2139 pondus
921 2096 1042 2129 hahere
1075 2094 1157 2139 Ung.
1186 2107 1220 2139 p.
1247 2096 1313 2129 276
1339 2096 1488 2130 voluerat
1520 2103 1552 2130 et
1582 2099 1615 2130 in

553 2156 689 2197 epistola
712 2156 790 2188 mihi
810 2158 928 2198 scripta
952 2155 1171 2198 compluribus
1205 2162 1349 2188 veterum
1384 2156 1614 2199 glossariorum

553 2215 633 2248 locis
665 2215 898 2258 comprobavit.
953 2215 1223 2259 Distinguendum
1252 2221 1300 2256 est
1338 2219 1423 2249 inter
1445 2218 1614 2256 socium-e,

554 2285 619 2317 quo
643 2280 777 2307 utuntur
805 2276 921 2309 Senec.
952 2276 1012 2318 Ep.
1037 2277 1089 2316 13,
1113 2276 1176 2316 143
1211 2275 1293 2309 Plin.
1323 2277 1384 2318 Ep.
1416 2277 1472 2316 111,
1497 2278 1550 2316 14,
1575 2278 1614 2316 είς

555 2334 607 2374 16,
632 2335 691 2373 12;
715 2336 803 2367 Suet.
818 2334 1002 2375 Oct.17‚1‚
1024 2335 1106 2368 Non.
1130 2345 1170 2367 ex
1190 2336 1336 2367 Varrone
1361 2337 1391 2375 7,
1418 2335 1480 2368 108
1504 2345 1536 2377 p.
1554 2337 1614 2369 481

556 2393 630 2434 (ubi
651 2400 700 2426 est
721 2395 904 2436 deponens)
939 2401 971 2428 et
1002 2397 1086 2427 inter
1102 2396 1258 2436 foculare
1290 2406 1314 2428 s.
1333 2395 1496 2436 focilare,
1530 2396 1618 2438 quod

556 2454 655 2486 habet
675 2454 757 2487 Non.
784 2455 814 2494 1,
841 2455 878 2488 31
905 2466 936 2497 p.
962 2457 1004 2488 10
1034 2456 1197 2498 explicans
1220 2458 1335 2495 lovere
1370 2462 1403 2487 et
1433 2457 1539 2487 media
1565 2458 1618 2487 in-

557 2516 666 2556 primis
697 2514 836 2547 latinitas
869 2526 1040 2557 usurpasse
1070 2516 1218 2554 videtur,
1253 2522 1363 2547 noster
1392 2522 1498 2548 autem
1522 2523 1619 2557 poeta

558 2579 669 2607 contra
692 2573 797 2617 legem
829 2574 1052 2617 prosodiacam
1075 2576 1211 2617 scripsit.
1241 2593 1279 2599 —
1304 2576 1522 2617 pudibundus
1554 2577 1618 2611 sic.

557 2634 657 2679 Lugd.
682 2635 712 2669 1.
736 2633 808 2669 uic.
839 2641 865 2669 1.
890 2635 921 2669 2.
948 2634 1063 2670 Colon.
1089 2635 1118 2669 1.
1142 2635 1174 2669 2.
1198 2634 1347 2670 Francos.
1404 2637 1618 2679 pudibundos

558 2696 629 2728 Bas.
653 2694 714 2736 (?).
748 2695 850 2737 Lugd.
874 2695 905 2729 2.
932 2696 963 2728 3.
999 2695 1080 2728 lUN.
1105 2700 1166 2728 etc.

643 2766 689 2787 vs.
714 2756 786 2788 128.
833 2757 902 2796 ipse
924 2757 1045 2796 procu!
1068 2757 1152 2787 livor
1182 2755 1256 2788 SIC.
1285 2755 1356 2787 Bas.
1370 2755 1448 2789 Hic.
1471 2757 1570 2799 Lugd.
1588 2758 1617 2787 1.

558 2817 589 2849 2.
615 2817 646 2849 3.
672 2816 739 2849 mi.
774 2815 888 2848 Colon.
913 2817 945 2849 2.
982 2821 1015 2848 et
1036 2826 1095 2858 pro
1121 2825 1152 2849 v.
1178 2815 1197 2849 1.
1232 2815 1310 2848 Cort
1327 2840 1336 2855 ‚
1381 2818 1437 2858 qui
1471 2817 1530 2848 iste
1562 2827 1620 2858 per

559 2883 701 2907 errorem
725 2874 875 2914 exhibet;
910 2875 981 2916 ipse
1002 2885 1035 2916 p.
1059 2875 1144 2907 livor
1175 2874 1326 2917 reprobat
1349 2874 1497 2908 Wernsd.
1554 2877 1619 2907 ista

557 2945 609 2975 pr.
633 2935 722 2966 labe·
745 2935 825 2968 IUN.
851 2934 917 2968 CO.
951 2934 1010 2968 ud.
1036 2935 1095 2967 Bk.
1131 2940 1163 2967 et
1195 2944 1255 2976 pro
1283 2945 1315 2967 v.
1340 2935 1360 2967 1.
1394 2935 1515 2966 Bersm.
1547 2944 1617 2966 eam

558 2994 710 3036 probam.
755 2994 843 3026 laben
866 3005 925 3036 pro
949 3006 980 3027 v.
1007 2995 1028 3027 l.
1056 2996 1119 3028 Sic.
1144 2995 1215 3026 Bas.

646 3065 692 3086 vs.
719 3055 792 3086 130.
837 3059 935 3086 vasta
957 3056 1075 3087 vitiose
1097 3055 1170 3087 mc.
1193 3056 1225 3087 2.

646 3126 694 3148 vs.
719 3114 791 3148 131.
837 3117 869 3147 et
891 3124 951 3157 pro
977 3118 1013 3147 ut
1037 3116 1153 3148 vitiose
1177 3114 1287 3148 Aurei.

648 3187 694 3210 vs.
720 3176 788 3209 132.
837 3176 980 3209 amando
1003 3176 1138 3219 quaeris
1170 3186 1312 3208 amorem
1344 3177 1497 3218 seriptum
1527 3175 1619 3208 affert

1690 2038 1798 2071 Barth.
1823 2039 1855 2071 in
1879 2037 2046 2070 Claudian.
2070 2037 2115 2069 lv
2140 2037 2238 2070 Cous.
2262 2035 2344 2068 Bon.
2369 2036 2432 2068 283
2457 2046 2487 2076 p.
2513 2036 2587 2067 645.
2618 2036 2722 2066 UNG.

1777 2109 1826 2132 vs.
1849 2098 1922 2130 136.
1966 2099 2114 2130 submoto
2136 2096 2205 2138 Bip.
2231 2096 2262 2130 2.
2289 2115 2326 2120 -
2351 2096 2450 2139 volgo
2472 2094 2558 2128 Con.

1777 2168 1825 2190 vs.
1849 2158 1923 2189 137.
1968 2161 2142 2198 promptus
2167 2166 2225 2198 pro
2250 2166 2281 2187 v.
2307 2155 2327 2188 l.
2360 2156 2423 2188 Sic.
2453 2154 2525 2189 Bas.
2550 2156 2587 2186 V.
2618 2166 2745 2196 pronun

1690 2227 1883 2260 propensum
1909 2217 2032 2249 Pisonis
2064 2217 2225 2255 animum,
2259 2226 2291 2249 v.
2321 2220 2495 2256 promptus
2532 2217 2639 2247 miram
2678 2217 2746 2247 eius

1690 2278 1910 2310 dexteritatem
1934 2276 2108 2318 significari
2133 2276 2210 2307 dicit
2234 2275 2292 2307 Bk.

1780 2347 1828 2369 vs.
1852 2337 1926 2368 140.
1972 2336 2119 2367 abducta
2142 2335 2213 2369 lic.
2236 2336 2267 2368 2.
2291 2336 2322 2367 3.
2349 2335 2413 2367 ΒΜ.
2438 2334 2552 2367 Colon.
2576 2335 2606 2366 2.
2633 2340 2664 2365 et
2687 2344 2745 2375 pro

1693 2407 1723 2429 v.
1734 2396 1768 2436 l.‚
1793 2406 1888 2439 quam
1911 2395 2049 2434 damnat,
2073 2395 2161 2428 Cort.
2188 2396 2337 2428 adducta
2361 2395 2434 2429 SIC.
2458 2394 2528 2427 Bas.
2552 2399 2613 2426 cet.
2651 2400 2684 2426 et
2708 2403 2748 2426 ex

1692 2457 1793 2489 tribus
1815 2457 1903 2488 libris
1925 2466 1984 2498 pro
1997 2456 2074 2496 ν.1.,
2097 2466 2191 2499 quarn
2213 2456 2336 2497 prohat,
2352 2456 2468 2488 Bersm.
2483 2471 2519 2478 —
2535 2465 2602 2485 non
2620 2464 2750 2495 semper

1694 2518 1768 2550 SIC.
1792 2517 1864 2549 Bas.
1899 2517 1969 2548 Mic.
1995 2518 2022 2549 1.
2047 2519 2077 2548 2.
2100 2518 2130 2549 3.
2170 2516 2269 2556 Lugd.
2295 2517 2324 2546 1.
2349 2516 2379 2546 2.
2404 2516 2435 2546 3.
2471 2514 2539 2545 131.
2576 2514 2693 2546 Colon.
2718 2516 2749 2545 2.

1693 2577 1841 2610 Francof.
1867 2583 1899 2609 et
1922 2588 1980 2618 pro
2011 2587 2040 2610 v.
2065 2576 2085 2609 l.
2112 2575 2199 2608 Cort.
2252 2586 2313 2607 nee
2337 2575 2416 2608 IUN.
2452 2573 2518 2608 CO.
2541 2574 2603 2607 nd.
2627 2574 2686 2607 Bk.
2720 2582 2751 2606 et

1695 2648 1734 2671 ex
1757 2638 1827 2671 Iun.
1852 2643 1883 2670 et
1907 2637 1989 2670 Scal.
2013 2647 2069 2678 pro
2095 2646 2126 2668 v.
2147 2635 2167 2668 Ι.
2193 2635 2314 2668 Bersm.

1783 2708 1829 2729 vs.
1854 2697 1924 2730 142.
1967 2695 2079 2732 fremit
2111 2696 2296 2728 coniecerat
2331 2694 2371 2729 H.
2400 2696 2496 2739 Lag„
2544 2696 2601 2729 sod
2642 2697 2752 2730 haesit.

1696 2768 1792 2800 quum
1816 2760 1884 2798 ipse
1906 2755 2080 2795 alicubi(?)
2105 2755 2249 2786 clenica
2271 2766 2381 2787 rauca
2395 2762 2538 2799 gemunt
2561 2757 2751 2799 legisset.—

1696 2828 1761 2848 ποπ
1784 2827 1910 2855 semper
1934 2813 2008 2846 SIC.
2037 2813 2107 2847 Bas.
2125 2814 2173 2855 (2²)
2214 2814 2288 2848 llic.
2314 2816 2344 2847 1.
2367 2817 2398 2848 2.
2424 2817 2454 2849 3.
2486 2817 2585 2859 Lugd.
2614 2818 2643 2848 1.
2667 2817 2699 2848 2.
2722 2817 2752 2848 3.

1694 2874 1759 2908 ΒΜ.
1795 2874 1909 2907 Colon.
1935 2875 1965 2909 2.
1997 2873 2148 2908 Francos.
2181 2880 2215 2907 et
2246 2885 2306 2917 pro
2337 2886 2367 2909 v.
2393 2876 2413 2909 l.
2446 2876 2534 2909 Cort.
2587 2887 2647 2908 nec
2671 2875 2751 2908 [ΠΝ.

1693 2934 1758 2967 CO.
1782 2934 1841 2966 Hd.
1867 2934 1926 2966 Bk.
1952 2940 1984 2965 et
1997 2944 2098 2976 prov.
2112 2935 2133 2967 l.
2158 2935 2280 2967 Bersm.
2300 2954 2337 2959 —
2360 2936 2503 2968 Gnosius
2527 2935 2751 2976 stc.1.ugd<2.

1692 2994 1763 3026 Mic.
1788 2995 1818 3026 3.
1843 2994 1922 3026 1UN.
1971 2995 2133 3026 annania·
2161 2994 2232 3027 nic.
2257 2996 2287 3028 1.
2319 2995 2418 3038 Lugd.
2441 2996 2470 3028 3.
2507 2995 2573 3028 ΒΗ.
2603 2994 2752 3027 aneor.

1691 3054 1785 3087 Web.
1809 3054 1870 3086 Ed.
1916 3055 2074 3087 Cnosnius
2097 3055 2199 3087 Pulm.
2224 3056 2255 3088 2.
2279 3055 2345 3088 CO.
2370 3055 2427 3087 Bk.
2452 3061 2484 3086 et
2504 3056 2537 3086 in
2558 3057 2670 3086 erratis
2694 3065 2753 3097 pro

1696 3115 1841 3147 (inanius
1864 3114 1966 3148 Pulm.
1991 3116 2022 3149 1.
2081 3116 2220 3148 Cnosius
2248 3117 2400 3157 optimum
2424 3121 2536 3148 censet
2558 3114 2600 3149 Ι.
2622 3115 2699 3159 Lag.
2723 3123 2756 3149 et

1694 3176 1900 3209 commendat
1922 3176 2004 3220 Ung.
2029 3177 2145 3219 p.269.
2172 3195 2210 3200 —
2236 3187 2338 3209 arcus
2362 3176 2435 3211 SIC.
2460 3177 2532 3210 Bas.
2555 3176 2708 3211 nima.
2723 3178 2758 3218 3ι
