3256 3632
2641 296 2698 341 1⁰7

425 432 641 475 vetustum.
676 426 817 486 fiisse}
865 432 990 486 atque
1032 437 1203 471 carmen
1244 430 1433 471 nostrum
1474 423 1586 470 falso
1634 424 1799 471 Maroni
1840 426 2091 486 adscriptum
2133 425 2345 473 hahuisse.
2408 424 2563 472 Codex
2603 433 2695 471 erat

422 504 584 552 duobus
624 503 749 566 locis.
774 506 861 559 (vs.
891 501 955 547 52
985 507 1028 546 et
1074 499 1190 560 lm]
1232 501 1420 558 mutilus,
1484 506 1709 562 praeterea
1752 502 2054 563 interpolatus,
2115 509 2334 564 corruptus
2358 502 2434 562 ¹),
2497 502 2577 551 aad
2622 503 2694 549 vel

424 586 486 631 sic
516 585 659 642 magni
701 581 823 641 pretii
865 585 907 626 et
951 582 1080 627 variis
1120 580 1383 629 lectimibus-
1412 586 1559 628 auctm
1600 580 1688 641 (cf.
1730 593 1797 628 vs.
1839 579 1915 627 43.
1960 578 2061 628 128.
2105 578 2206 625 137.
2255 580 2356 626 215.
2398 579 2548 641 251),
2614 583 2695 628 nisi

422 663 545 709 forte:
596 664 709 706 sunt·
746 656 937 705 Sichardi
986 660 1282 715 coniecturae;
1339 659 1449 707 idem
1511 672 1536 706 a
1600 661 1896 707 vetustissimis
1962 658 2102 705 Ovidii
2170 657 2382 705 codicibus
2429 659 2692 708 LauriasanIa

423 739 697 797 distinguitur.
758 735 864 784 Num
898 751 1005 784 vero
1036 739 1073 784 is
1103 739 1147 784 in
1178 740 1433 785 monasterio
1462 737 1722 786 Laurisaano
1747 737 1901 795 suerit,
1933 736 2112 785 dubitari
2143 741 2310 798 potest,
2359 749 2482 796 quum
2513 736 2689 782 Sichar-

423 817 638 862 dus‘intra
670 829 803 860 annos
837 814 956 860 1525
989 820 1030 858 et
1065 813 1214 870 1529,
1248 814 1404 872 quihus
1423 814 1633 861 Basileae
1662 816 1913 862 rhetoricam
1953 815 2135 862 docebat
2186 815 2422 872 latinosque
2464 816 2693 873 scriptores

423 893 679 955 explicabat,
711 893 1097 952 praestantissimas
1129 889 1294 952 quidem
1318 891 1570 939 Germaniae
1601 890 1876 940 bibliothecas
1906 899 2191 953 perscrutatus
2223 894 2280 940 sit
2300 891 2358 951 ²),
2391 891 2470 938 sed
2504 890 2691 938 codicem

423 973 673 1033 panegyrici
724 970 1018 1017 Laurissanum
1057 985 1143 1019 non
1184 970 1327 1017 landet
1366 985 1507 1030 neque
1550 969 1755 1018 eiusmodi
1799 969 1939 1016 codex
1985 972 2026 1015 in
2069 973 2352 1018 vetustissimo
2394 969 2619 1017 Breviario
2641 969 2689 1029 3)

425 1049 623 1094 Codicum
655 1047 976 1093 monasteriis.
1008 1047 1181 1092 Nazarii
1214 1048 1436 1094 Laurissae
1468 1049 1540 1094 vel
1572 1051 1615 1094 in
1648 1048 1853 1105 catalogis
1886 1047 2168 1095 bibliothecae
2198 1048 2434 1104 Palatinae,
2466 1049 2538 1092 cui
2569 1047 2694 1092 MSS.

425 1128 669 1172 Laurissani
708 1126 903 1185 plerique
934 1126 1117 1182 adJ'uncti
1160 1132 1281 1181 sunt,
1348 1133 1444 1171 ante
1487 1128 1762 1172 tristissimam
1794 1125 1906 1171 illam
1939 1127 2126 1183 rapinam
2169 1131 2238 1169 aut
2284 1132 2429 1184 postea
2476 1123 2692 1171 indicetur.

422 1205 566 1264 ltaque
594 1211 680 1249 tota
711 1218 784 1249 res
816 1202 872 1248 de
904 1206 1149 1249 auctoritate
1177 1203 1338 1249 codicis
1368 1204 1520 1261 hahet,
1552 1219 1629 1250 cur
1658 1204 1867 1250 haesitare
1900 1206 2050 1263 possis.

541 1281 694 1325 codem
724 1279 1047 1337 Atrebatem,
1085 1295 1160 1328 ‚ex
1192 1296 1276 1341 quo
1306 1281 1435 1327 Hadr.
1465 1282 1605 1329 Iunius
1636 1284 1941 1341 panegyricum
1970 1280 2122 1336 edidit,
2178 1283 2219 1326 in
2252 1280 2503 1327 bibliotheca
2537 1281 2688 1327 eccle-

425 1362 515 1405 siae
544 1359 759 1419 Deiparae
790 1361 968 1417 virginis
1000 1358 1296 1406 Atrebatensis
1329 1374 1440 1406 anno
1474 1360 1593 1406 1545
1625 1360 1703 1407 suh
1727 1361 1912 1408 Antonio
1939 1360 2165 1405 Perenotto
2195 1362 2398 1419 episcopo
2428 1359 2504 1405 fuit
2533 1373 2692 1419 reper-

423 1451 505 1493 tus,
540 1439 657 1483 cuius
678 1437 787 1481 haec
809 1443 900 1482 erat
923 1440 1164 1496 inscriptio:
1191 1437 1358 1483 Lucani
1373 1438 1538 1484 Poema
1566 1438 1624 1483 ad
1640 1438 1913 1497 Calpurnium
1930 1438 2133 1486 Pisonem
2157 1452 2215 1483 ex
2239 1437 2347 1482 libro
2360 1436 2613 1486 catalecton
2635 1438 2690 1493 ⁴).

422 1515 579 1561 Poema
607 1514 1098 1561 ahAntonioMorillone
1130 1529 1222 1559 cum
1255 1515 1371 1561 Iunio
1394 1517 1432 1573 ⁵)
1466 1518 1809 1563 communicatum
1837 1523 1954 1570 erat3
1988 1515 2067 1562 sed
2100 1528 2184 1560 non
2215 1515 2428 1568 docemur,
2463 1513 2691 1570 numssliher

426 1595 551 1638 fuerit
564 1592 720 1648 codex,
750 1594 867 1637 cuius
898 1599 1035 1637 tamen
1063 1593 1230 1639 indoles
1250 1608 1274 1636 a
1293 1594 1413 1637 lunio
1442 1608 1527 1638 non
1558 1596 1792 1638 accuratius
1810 1593 2075 1647 describitur,
2110 1607 2163 1637 an
2183 1592 2294 1651 quod
2328 1592 2596 1637 verisimilius
2628 1598 2693 1637 est

426 1670 728 1730 apographum.
792 1670 924 1715 Multo
963 1670 1165 1715 meliores
1206 1672 1441 1729 lectiones,
1498 1686 1618 1731 quam
1662 1672 1789 1717 editio
1830 1675 1925 1718 anni
1972 1671 2091 1719 1534
2135 1675 2229 1716 sive
2267 1671 2408 1717 codex
2440 1684 2690 1730 anonymus,

424 1763 448 1793 a
483 1749 602 1793 lunio
624 1748 665 1805 ⁶)
699 1755 740 1792 et
771 1763 795 1792 a
816 1748 977 1793 Beckio
1003 1748 1040 1803 ⁷)
1074 1748 1281 1794 exhibere
1313 1749 1462 1795 dicitur
1493 1755 1620 1809 atque
1651 1750 1799 1795 melius
1831 1763 1984 1795 versus
2018 1749 2116 1805 xil,
2151 1751 2219 1809 qui
2252 1749 2383 1807 vulgo
2416 1755 2512 1809 post
2536 1762 2599 1795 vs.
2630 1748 2685 1792 71

421 1826 644 1885 leguntur,
707 1830 802 1885 post
840 1838 904 1870 vs.
949 1824 1041 1871 249
1082 1828 1293 1886 repositos
1333 1826 1523 1881 hahere3
1588 1826 1664 1872 sed
1706 1830 1939 1886 scripturae
1980 1827 2075 1870 fere
2106 1841 2254 1871 omnes
2285 1832 2488 1885 apparent
2517 1828 2688 1885 peiores

422 1913 463 1949 et
493 1904 600 1950 ordo
634 1911 830 1949 versuum
862 1916 1070 1962 perverse
1110 1908 1285 1947 mutatus
1327 1905 1425 1949 inde
1458 1905 1670 1962 profectus
1718 1910 1813 1959 est,
1845 1892 1979 1962 *quod
2022 1902 2247 1958 librarius,
2296 1905 2365 1961 qui
2407 1904 2690 1962 transscripsit

423 1995 480 2027 ex
512 1980 761 2041 archetypo,
796 1980 907 2040 quod
931 1980 968 2037 8)
1001 1982 1041 2025 in
1072 1979 1252 2037 singulis
1284 1981 1451 2040 paginis
1484 1979 1704 2027 duodenos
1736 1979 1915 2025 hahebat
1947 1993 2115 2035 versus,
2148 1982 2280 2040 prima
2302 1985 2502 2039 excepta,
2534 1981 2576 2024 in
2608 1993 2687 2038 qua

421 2064 601 2118 praeter·
620 2060 1095 2118 inscriptionemerant
1118 2056 1308 2103 undecim
1341 2071 1493 2103 versus
1519 2055 1584 2115 9),
1618 2060 1836 2117 septimam
1862 2060 2057 2118 paginam
2091 2072 2115 2102 a
2148 2058 2296 2103 dextra
2329 2060 2372 2102 iu
2406 2056 2685 2103 describendo

423 2136 745 2194 neglexerat-et
775 2148 925 2180 errore
957 2135 1171 2182 intellecto
1204 2149 1356 2180 versus
1389 2135 1484 2180 illos
1515 2135 1595 2181 xil
1636 2138 1679 2181 in
1723 2136 1806 2181 fine
1849 2136 2067 2181 addiderat
2114 2151 2192 2181 una
2237 2150 2330 2181 cum
2373 2138 2496 2193 signo
2528 2134 2685 2179 ordinis

421 2228 621 2261 versuum
666 2214 941 2270 restituendi,
1003 2213 1114 2273 quod
1160 2214 1355 2259 librarius
1398 2217 1557 2274 posteri
1607 2214 1841 2275 apographi
1890 2228 1973 2259 non
2016 2214 2319 2260 animadvertit.
2391 2213 2685 2258 Atrebatensis

421 2305 586 2350 quoque
617 2290 756 2334 codex
785 2305 868 2335 non
899 2294 980 2334 iam
1012 2306 1242 2350 superesse
1273 2291 1466 2347 videtur,
1499 2300 1616 2337 certe
1648 2292 1785 2337 nullus
1821 2292 2024 2337 eiusmodi
2067 2291 2176 2337 liber
2219 2292 2271 2337 ab
2303 2291 2507 2336 Haenelio
2540 2297 2685 2335 nostro

422 2373 464 2413 in
495 2370 690 2426 catalogo
723 2369 849 2411 MSS.
898 2369 1239 2413 Atrebatensium
1280 2378 1637 2415 commemoratur.

421 2482 561 2532 quidem
593 2487 748 2529 autoris,
794 2486 857 2521 sed
893 2486 987 2532 quod
1023 2491 1127 2522 extra
1161 2488 1436 2523 controversiam
1473 2489 1520 2524 sit
1642 2482 1692 2535 4)
1718 2488 1868 2523 Feri-eol.
1893 2488 2029 2523 Locrius
2065 2487 2097 2522 in
2128 2487 2293 2523 Chronico
2328 2487 2471 2531 Belgico
2507 2482 2685 2535 (Atrebati

420 2539 645 2575 vetustissimi
680 2538 859 2583 alicujus:
901 2538 1074 2583 siquidem
1109 2538 1158 2574 ad
1196 2540 1355 2575 Pisonem
1390 2539 1428 2574 id
1467 2546 1520 2576 est
1593 2534 1716 2587 1616)
1762 2551 1793 2585 p.
1824 2539 1922 2582 610,
1962 2540 2016 2584 qui
2057 2549 2113 2572 sua
2142 2539 2312 2574 maximam
2348 2542 2479 2584 partem
2504 2550 2549 2574 ex
2580 2539 2667 2575 Hadr

420 2589 609 2634 script-um,
637 2600 716 2632 eum
744 2592 882 2636 opinor,
910 2591 958 2627 ad
986 2601 1087 2635 quem
1113 2595 1148 2625 at
1174 2591 1319 2640 Horatii
1345 2602 1405 2625 ors
1431 2602 1519 2636 poe-
1589 2592 1677 2626 Junii
1704 2585 1876 2625 An'imadv.
1906 2590 1970 2633 Vl,
2003 2591 2015 2623 1
2048 2602 2081 2636 p.
2106 2586 2184 2624 250
2212 2601 2283 2638 sqq.
2314 2590 2440 2627 sumsit.

420 2642 492 2675 tica
521 2646 641 2684 extat3
670 2641 763 2687 qnod
788 2643 947 2686 quamvis
974 2641 1018 2676 ab
1033 2642 1153 2677 Ovidii
1176 2642 1331 2678 dictione
1357 2643 1520 2679 nonnihil
1643 2645 1664 2676 5
1718 2643 1738 2676 l.
1765 2643 1784 2676 l.

421 2690 631 2733 abhorreat,
673 2697 707 2726 et
741 2693 780 2725 in
820 2697 954 2728 vetusto
981 2693 1104 2732 codice
1129 2693 1224 2736 salso
1262 2698 1341 2728 erat
1377 2695 1520 2729 Maroni
1644 2639 1691 2740 63
1730 2693 1902 2727 Animadv.
1940 2693 1989 2733 V,
2032 2692 2047 2725 1
2089 2703 2122 2737 p.
2150 2691 2238 2726 252.
2293 2692 2415 2727 Mutia
2452 2698 2534 2727 mt
2568 2695 2607 2726 in
2636 2703 2675 2725 eo

421 2745 626 2789 ascriptum,
651 2744 885 2789 iudicacimus
915 2747 1031 2780 tamen
1058 2746 1214 2791 dignum,
1243 2750 1282 2781 ut
1308 2747 1402 2780 inter
1430 2746 1516 2781 Ovi·
1590 2742 1781 2792 (poematio
1837 2755 2021 2789 perperam
2049 2744 2268 2789 transposita
2298 2744 2337 2778 in
2373 2742 2555 2780 codicibus
2581 2739 2626 2790 (i.
2652 2755 2681 2777 e.

420 2794 533 2831 diana
562 2795 679 2847 {ocum
713 2796 902 2842 sortiretur
937 2801 1042 2843 atque
1070 2797 1138 2832 hoc
1168 2797 1306 2832 dmum
1326 2802 1433 2843 pacto
1470 2796 1515 2832 ab
1588 2796 1785 2831 editionibus
1841 2796 2014 2839 eutycius,
2068 2795 2181 2830 multa
2220 2795 2279 2830 liic
2312 2792 2368 2844 (in
2406 2796 2480 2832 cod.
2509 2790 2681 2841 Atrebat.)

419 2848 567 2885 interitu
595 2848 849 2892 vindicaretur.
1129 2868 1132 2870 Δ
1586 2849 1735 2883 lectione
1763 2847 1929 2892 interpoli
1957 2849 2190 2883 correctiora.

475 2893 519 2946 1)
548 2898 673 2948 Margo
702 2899 828 2935 codicia
863 2899 1058 2946 archetypi,
1097 2909 1140 2934 ex
1178 2909 1246 2945 quo
1283 2899 1513 2935 Sichardianus
1637 2895 1682 2945 7)
1711 2897 1817 2932 Praei,
1844 2909 1877 2943 p.
1902 2896 1992 2933 XIV.

420 2950 612 2998 descendit,
657 2951 692 2993 in
716 2950 859 2999 singulis
886 2951 1036 2985 versibus
1065 2951 1263 2986 exeuntibus
1287 2960 1354 2986 noa
1379 2951 1513 2996 integer
1636 2950 1679 2997 8)
1707 2950 1863 2986 Constitit
1899 2950 1989 2986 foliis
2025 2951 2201 2986 duodecim
2238 2951 2365 2986 toi-mae
2394 2953 2531 2985 octavae
2560 2953 2592 2983 et
2622 2948 2678 2983 vi-

420 3001 520 3041 fuisse
549 3001 699 3047 videturz,
739 3003 782 3037 cf.
809 3014 858 3037 vs.
886 3002 947 3039 35.
970 3001 1031 3037 44.
1061 3001 1121 3036 52.
1146 3002 1205 3038 90.
1236 3000 1321 3036 159.
1348 3002 1435 3037 239.
1585 3002 1666 3047 ginti
1694 3002 1821 3036 duabus
1846 3003 1980 3047 paginis
2007 3003 2184 3048 inscriptis.

471 3047 520 3102 2)
546 3052 697 3097 Bougiue
725 3054 852 3094 Handh.
882 3056 919 3092 T.
946 3055 976 3090 11
1002 3066 1035 3100 p.
1055 3051 1152 3094 286.v
1635 3049 1683 3102 9)
1710 3054 1828 3090 Ultima
1862 3065 1997 3101 quoqne
2036 3056 2155 3101 pagina
2192 3053 2362 3099 archetypi
2399 3052 2526 3087 nonnisi
2555 3052 2673 3088 decem

472 3105 519 3152 3)
545 3105 580 3140 ln
600 3106 638 3141 A.
662 3099 735 3141 Maii
751 3105 910 3151 Spicileg.
938 3105 1029 3144 Rom.
1058 3106 1094 3147 Τ.
1113 3105 1204 3152 ΥῚρ.
1229 3103 1300 3141 196
1328 3109 1361 3139 et
1386 3116 1418 3151 p.
1434 3104 1510 3139 200
1584 3105 1726 3140 habebat
1754 3116 1882 3140 versus.

426 3158 565 3203 Vir-qiua·
591 3157 677 3192 liber
704 3157 753 3191 bis
781 3157 956 3200 laudatur.
978 3157 1082 3191 nullus
1104 3157 1223 3192 Ovidii
1249 3157 1369 3191 codex.

2376 3261 2404 3306 3
