<?xml version="1.0" encoding="UTF-8"?>
<!DOCTYPE html PUBLIC "-//W3C//DTD XHTML 1.0 Transitional//EN"
    "http://www.w3.org/TR/xhtml1/DTD/xhtml1-transitional.dtd">
<html xmlns="http://www.w3.org/1999/xhtml" xml:lang="en" lang="en">
 <head>
  <title>
</title>
<meta http-equiv="Content-Type" content="text/html;charset=utf-8" />
  <meta name='ocr-system' content='tesseract 3.04.00' />
  <meta name='ocr-capabilities' content='ocr_page ocr_carea ocr_par ocr_line ocrx_word'/>
</head>
<body>
  <div class='ocr_page' id='page_1' title='image "4777691_0023.png"; bbox 0 0 3256 3632; ppageno 0'>
   <div class='ocr_carea' id='block_1_1' title="bbox 2619 312 2685 359">
    <p class='ocr_par' dir='ltr' id='par_1_1' title="bbox 2619 312 2685 359">
     <span class='ocr_line' id='line_1_1' title="bbox 2619 312 2685 359; baseline -0.03 0"><span class='ocrx_word' id='word_1_1' title='bbox 2619 312 2685 359; x_wconf 50' lang='lat'><strong>118</strong></span> 
     </span>
    </p>
   </div>
   <div class='ocr_carea' id='block_1_2' title="bbox 407 446 2684 2614">
    <p class='ocr_par' dir='ltr' id='par_1_2' title="bbox 407 446 2684 1290">
     <span class='ocr_line' id='line_1_2' title="bbox 407 446 2684 516; baseline -0.004 -15"><span class='ocrx_word' id='word_1_2' title='bbox 407 457 550 503; x_wconf 70' lang='lat' dir='ltr'><strong>fertur</strong></span> <span class='ocrx_word' id='word_1_3' title='bbox 569 468 688 503; x_wconf 74' lang='lat' dir='ltr'><strong>&#39;anno</strong></span> <span class='ocrx_word' id='word_1_4' title='bbox 724 454 816 501; x_wconf 74' lang='lat'><strong>836</strong></span> <span class='ocrx_word' id='word_1_5' title='bbox 852 453 1164 512; x_wconf 68' lang='lat' dir='ltr'><strong>triumphasse,</strong></span> <span class='ocrx_word' id='word_1_6' title='bbox 1215 458 1260 497; x_wconf 84' lang='lat' dir='ltr'><strong>et</strong></span> <span class='ocrx_word' id='word_1_7' title='bbox 1289 451 1566 514; x_wconf 72' lang='lat' dir='ltr'><strong>Domitianum</strong></span> <span class='ocrx_word' id='word_1_8' title='bbox 1614 452 1656 494; x_wconf 85' lang='lat' dir='ltr'><strong>in</strong></span> <span class='ocrx_word' id='word_1_9' title='bbox 1688 448 1836 516; x_wconf 78' lang='lat' dir='ltr'><strong>eadem</strong></span> <span class='ocrx_word' id='word_1_10' title='bbox 1867 448 1987 493; x_wconf 80' lang='lat' dir='ltr'><strong>Silva</strong></span> <span class='ocrx_word' id='word_1_11' title='bbox 2020 464 2084 496; x_wconf 84' lang='lat' dir='ltr'><strong>vs.</strong></span> <span class='ocrx_word' id='word_1_12' title='bbox 2116 450 2206 494; x_wconf 43' lang='lat'><strong>‘165</strong></span> <span class='ocrx_word' id='word_1_13' title='bbox 2251 450 2457 501; x_wconf 81' lang='lat' dir='ltr'><strong>nominari</strong></span> <span class='ocrx_word' id='word_1_14' title='bbox 2494 446 2684 492; x_wconf 59' lang='lat' dir='ltr'><strong>Germa·-</strong></span> 
     </span>
     <span class='ocr_line' id='line_1_3' title="bbox 411 515 2682 595; baseline -0.003 -18"><span class='ocrx_word' id='word_1_15' title='bbox 411 537 565 592; x_wconf 72' lang='lat' dir='ltr'><strong>m‘cum,</strong></span> <span class='ocrx_word' id='word_1_16' title='bbox 600 534 712 595; x_wconf 84' lang='lat' dir='ltr'><strong>quod</strong></span> <span class='ocrx_word' id='word_1_17' title='bbox 733 543 972 595; x_wconf 76' lang='lat' dir='ltr'><strong>cognomen</strong></span> <span class='ocrx_word' id='word_1_18' title='bbox 1003 515 1210 591; x_wconf 82' lang='lat' dir='ltr'><strong>praebent</strong></span> <span class='ocrx_word' id='word_1_19' title='bbox 1238 532 1394 579; x_wconf 83' lang='lat' dir='ltr'><strong>nummi</strong></span> <span class='ocrx_word' id='word_1_20' title='bbox 1421 540 1533 574; x_wconf 81' lang='lat' dir='ltr'><strong>anno</strong></span> <span class='ocrx_word' id='word_1_21' title='bbox 1569 528 1661 578; x_wconf 85' lang='lat'><strong>837</strong></span> <span class='ocrx_word' id='word_1_22' title='bbox 1693 530 1840 575; x_wconf 84' lang='lat' dir='ltr'><strong>excusi</strong></span> <span class='ocrx_word' id='word_1_23' title='bbox 1863 526 1927 581; x_wconf 80' lang='lat'><strong>¹);</strong></span> <span class='ocrx_word' id='word_1_24' title='bbox 1956 528 2007 578; x_wconf 56' lang='lat' dir='ltr'><strong>si,</strong></span> <span class='ocrx_word' id='word_1_25' title='bbox 2027 526 2205 588; x_wconf 85' lang='lat' dir='ltr'><strong>denique</strong></span> <span class='ocrx_word' id='word_1_26' title='bbox 2234 535 2477 588; x_wconf 88' lang='lat' dir='ltr'><strong>reputamus</strong></span> <span class='ocrx_word' id='word_1_27' title='bbox 2508 528 2552 571; x_wconf 88' lang='lat' dir='ltr'><strong>in</strong></span> <span class='ocrx_word' id='word_1_28' title='bbox 2583 526 2682 583; x_wconf 83' lang='lat' dir='ltr'><strong>epi·-</strong></span> 
     </span>
     <span class='ocr_line' id='line_1_4' title="bbox 407 607 2683 669; baseline -0.004 -10"><span class='ocrx_word' id='word_1_29' title='bbox 407 613 537 664; x_wconf 75' lang='lat' dir='ltr'><strong>cedio</strong></span> <span class='ocrx_word' id='word_1_30' title='bbox 575 611 777 658; x_wconf 67' lang='lat' dir='ltr'><strong>incendia</strong></span> <span class='ocrx_word' id='word_1_31' title='bbox 814 608 1024 655; x_wconf 66' lang='lat' dir='ltr'><strong>Vesuvina</strong></span> <span class='ocrx_word' id='word_1_32' title='bbox 1064 611 1409 664; x_wconf 83' lang='lat' dir='ltr'><strong>commemorari,</strong></span> <span class='ocrx_word' id='word_1_33' title='bbox 1461 621 1576 669; x_wconf 76' lang='lat' dir='ltr'><strong>quae</strong></span> <span class='ocrx_word' id='word_1_34' title='bbox 1620 607 1733 657; x_wconf 77' lang='lat' dir='ltr'><strong>faeta</strong></span> <span class='ocrx_word' id='word_1_35' title='bbox 1763 622 1874 656; x_wconf 82' lang='lat' dir='ltr'><strong>anno</strong></span> <span class='ocrx_word' id='word_1_36' title='bbox 1909 610 2001 656; x_wconf 84' lang='lat'><strong>832</strong></span> <span class='ocrx_word' id='word_1_37' title='bbox 2043 608 2121 654; x_wconf 88' lang='lat' dir='ltr'><strong>sub</strong></span> <span class='ocrx_word' id='word_1_38' title='bbox 2163 609 2342 650; x_wconf 67' lang='lat' dir='ltr'><strong>autumni</strong></span> <span class='ocrx_word' id='word_1_39' title='bbox 2384 614 2575 665; x_wconf 81' lang='lat' dir='ltr'><strong>tempus,</strong></span> <span class='ocrx_word' id='word_1_40' title='bbox 2641 610 2683 646; x_wconf 81' lang='lat' dir='ltr'><strong>ut</strong></span> 
     </span>
     <span class='ocr_line' id='line_1_5' title="bbox 413 684 2681 749; baseline -0.003 -17"><span class='ocrx_word' id='word_1_41' title='bbox 413 695 577 739; x_wconf 66' lang='lat' dir='ltr'><strong>coutet</strong></span> <span class='ocrx_word' id='word_1_42' title='bbox 598 688 664 747; x_wconf 80' lang='lat'><strong>²),</strong></span> <span class='ocrx_word' id='word_1_43' title='bbox 723 690 830 747; x_wconf 80' lang='lat' dir='ltr'><strong>flere</strong></span> <span class='ocrx_word' id='word_1_44' title='bbox 867 690 945 747; x_wconf 75' lang='lat' dir='ltr'><strong>pio</strong></span> <span class='ocrx_word' id='word_1_45' title='bbox 994 692 1123 733; x_wconf 71' lang='lat' dir='ltr'><strong>cantu</strong></span> <span class='ocrx_word' id='word_1_46' title='bbox 1177 694 1331 749; x_wconf 80' lang='lat' dir='ltr'><strong>poetae</strong></span> <span class='ocrx_word' id='word_1_47' title='bbox 1371 701 1495 737; x_wconf 64' lang='lat' dir='ltr'><strong>mem</strong></span> <span class='ocrx_word' id='word_1_48' title='bbox 1529 692 1653 746; x_wconf 76' lang='lat' dir='ltr'><strong>erat,</strong></span> <span class='ocrx_word' id='word_1_49' title='bbox 1718 695 1942 749; x_wconf 85' lang='lat' dir='ltr'><strong>antequam</strong></span> <span class='ocrx_word' id='word_1_50' title='bbox 1982 690 2178 748; x_wconf 72' lang='lat' dir='ltr'><strong>yemitem</strong></span> <span class='ocrx_word' id='word_1_51' title='bbox 2225 687 2382 743; x_wconf 74' lang='lat' dir='ltr'><strong>patriis</strong></span> <span class='ocrx_word' id='word_1_52' title='bbox 2422 684 2681 741; x_wconf 70' lang='lat' dir='ltr'><strong><em>impenderet</em></strong></span> 
     </span>
     <span class='ocr_line' id='line_1_6' title="bbox 410 761 2680 828; baseline 0.002 -14"><span class='ocrx_word' id='word_1_53' title='bbox 410 768 608 823; x_wconf 59' lang='lat' dir='ltr'><strong>domic,</strong></span> <span class='ocrx_word' id='word_1_54' title='bbox 661 768 771 814; x_wconf 78' lang='lat' dir='ltr'><strong>baud</strong></span> <span class='ocrx_word' id='word_1_55' title='bbox 812 768 961 828; x_wconf 91' lang='lat' dir='ltr'><strong>procul</strong></span> <span class='ocrx_word' id='word_1_56' title='bbox 1004 781 1029 812; x_wconf 90' lang='lat' dir='ltr'><strong>a</strong></span> <span class='ocrx_word' id='word_1_57' title='bbox 1069 778 1178 812; x_wconf 83' lang='lat' dir='ltr'><strong>vero</strong></span> <span class='ocrx_word' id='word_1_58' title='bbox 1210 766 1415 812; x_wconf 86' lang='lat' dir='ltr'><strong>aberrare</strong></span> <span class='ocrx_word' id='word_1_59' title='bbox 1456 766 1578 813; x_wconf 89' lang='lat' dir='ltr'><strong>nobis</strong></span> <span class='ocrx_word' id='word_1_60' title='bbox 1611 768 1832 824; x_wconf 87' lang='lat' dir='ltr'><strong>videmur,</strong></span> <span class='ocrx_word' id='word_1_61' title='bbox 1875 771 1913 815; x_wconf 84' lang='lat' dir='ltr'><strong>si</strong></span> <span class='ocrx_word' id='word_1_62' title='bbox 1946 774 2108 828; x_wconf 82' lang='lat' dir='ltr'><strong>patrem</strong></span> <span class='ocrx_word' id='word_1_63' title='bbox 2139 765 2286 817; x_wconf 71' lang='lat' dir='ltr'><strong>Statii,</strong></span> <span class='ocrx_word' id='word_1_64' title='bbox 2332 776 2443 807; x_wconf 73' lang='lat'><strong>⁸⁰⁰0</strong></span> <span class='ocrx_word' id='word_1_65' title='bbox 2474 761 2564 806; x_wconf 74' lang='lat'><strong>832</strong></span> <span class='ocrx_word' id='word_1_66' title='bbox 2597 761 2680 805; x_wconf 61' lang='grc' dir='ltr'><strong>ἆθ-</strong></span> 
     </span>
     <span class='ocr_line' id='line_1_7' title="bbox 411 836 2679 904; baseline -0.003 -13"><span class='ocrx_word' id='word_1_67' title='bbox 411 843 622 903; x_wconf 84' lang='lat' dir='ltr'><strong>functum,</strong></span> <span class='ocrx_word' id='word_1_68' title='bbox 698 845 772 893; x_wconf 81' lang='lat' dir='ltr'><strong>vel</strong></span> <span class='ocrx_word' id='word_1_69' title='bbox 839 844 932 890; x_wconf 82' lang='lat'><strong>768</strong></span> <span class='ocrx_word' id='word_1_70' title='bbox 993 849 1133 891; x_wconf 89' lang='lat' dir='ltr'><strong>natum</strong></span> <span class='ocrx_word' id='word_1_71' title='bbox 1196 856 1296 888; x_wconf 87' lang='lat' dir='ltr'><strong>esse</strong></span> <span class='ocrx_word' id='word_1_72' title='bbox 1360 856 1597 889; x_wconf 82' lang='lat' dir='ltr'><strong>censemus.</strong></span> <span class='ocrx_word' id='word_1_73' title='bbox 1667 843 1775 890; x_wconf 86' lang='lat' dir='ltr'><strong>Inde</strong></span> <span class='ocrx_word' id='word_1_74' title='bbox 1842 847 2054 904; x_wconf 85' lang='lat' dir='ltr'><strong>sequitur,</strong></span> <span class='ocrx_word' id='word_1_75' title='bbox 2133 840 2247 902; x_wconf 76' lang='lat' dir='ltr'><strong>qued</strong></span> <span class='ocrx_word' id='word_1_76' title='bbox 2310 839 2551 896; x_wconf 79' lang='lat' dir='ltr'><strong>conjectura</strong></span> <span class='ocrx_word' id='word_1_77' title='bbox 2626 836 2679 877; x_wconf 86' lang='lat' dir='ltr'><strong>uti</strong></span> 
     </span>
     <span class='ocr_line' id='line_1_8' title="bbox 414 914 2680 983; baseline 0.001 -14"><span class='ocrx_word' id='word_1_78' title='bbox 414 938 497 983; x_wconf 81' lang='lat' dir='ltr'><strong>que</strong></span> <span class='ocrx_word' id='word_1_79' title='bbox 530 924 698 982; x_wconf 80' lang='lat' dir='ltr'><strong>assequi</strong></span> <span class='ocrx_word' id='word_1_80' title='bbox 730 935 981 981; x_wconf 85' lang='lat' dir='ltr'><strong>possumus,</strong></span> <span class='ocrx_word' id='word_1_81' title='bbox 1021 927 1066 969; x_wconf 85' lang='lat' dir='ltr'><strong>nt</strong></span> <span class='ocrx_word' id='word_1_82' title='bbox 1094 920 1280 977; x_wconf 78' lang='lat' dir='ltr'><strong>Statius,</strong></span> <span class='ocrx_word' id='word_1_83' title='bbox 1330 923 1437 967; x_wconf 87' lang='lat' dir='ltr'><strong>intra</strong></span> <span class='ocrx_word' id='word_1_84' title='bbox 1470 935 1604 969; x_wconf 85' lang='lat' dir='ltr'><strong>annos</strong></span> <span class='ocrx_word' id='word_1_85' title='bbox 1635 920 1727 968; x_wconf 83' lang='lat'><strong>792</strong></span> <span class='ocrx_word' id='word_1_86' title='bbox 1753 928 1802 967; x_wconf 78' lang='lat' dir='ltr'><strong>‘et</strong></span> <span class='ocrx_word' id='word_1_87' title='bbox 1833 922 1923 968; x_wconf 83' lang='lat'><strong>796</strong></span> <span class='ocrx_word' id='word_1_88' title='bbox 1964 930 2109 977; x_wconf 86' lang='lat' dir='ltr'><strong>natus,</strong></span> <span class='ocrx_word' id='word_1_89' title='bbox 2156 932 2269 965; x_wconf 85' lang='lat' dir='ltr'><strong>anno</strong></span> <span class='ocrx_word' id='word_1_90' title='bbox 2303 916 2396 970; x_wconf 79' lang='lat'><strong>818.</strong></span> <span class='ocrx_word' id='word_1_91' title='bbox 2428 914 2680 960; x_wconf 84' lang='lat' dir='ltr'><strong>adolescens</strong></span> 
     </span>
     <span class='ocr_line' id='line_1_9' title="bbox 412 995 2681 1056; baseline -0.003 -9"><span class='ocrx_word' id='word_1_92' title='bbox 412 999 535 1047; x_wconf 82' lang='lat' dir='ltr'><strong>XXII</strong></span> <span class='ocrx_word' id='word_1_93' title='bbox 567 999 641 1048; x_wconf 87' lang='lat' dir='ltr'><strong>vel</strong></span> <span class='ocrx_word' id='word_1_94' title='bbox 670 997 813 1045; x_wconf 84' lang='lat' dir='ltr'>XXVI</span> <span class='ocrx_word' id='word_1_95' title='bbox 855 1013 1057 1047; x_wconf 79' lang='lat' dir='ltr'><strong>annorum</strong></span> <span class='ocrx_word' id='word_1_96' title='bbox 1100 1001 1343 1046; x_wconf 82' lang='lat' dir='ltr'>memoriam</span> <span class='ocrx_word' id='word_1_97' title='bbox 1373 998 1530 1046; x_wconf 89' lang='lat' dir='ltr'><strong>Lucani</strong></span> <span class='ocrx_word' id='word_1_98' title='bbox 1562 998 1632 1046; x_wconf 90' lang='lat' dir='ltr'><strong>die</strong></span> <span class='ocrx_word' id='word_1_99' title='bbox 1661 999 1787 1046; x_wconf 87' lang='lat' dir='ltr'><strong>natali</strong></span> <span class='ocrx_word' id='word_1_100' title='bbox 1819 998 2125 1047; x_wconf 86' lang='lat' dir='ltr'><strong>concelebrarit</strong></span> <span class='ocrx_word' id='word_1_101' title='bbox 2164 1003 2205 1044; x_wconf 91' lang='lat' dir='ltr'><strong>et</strong></span> <span class='ocrx_word' id='word_1_102' title='bbox 2233 996 2500 1056; x_wconf 79' lang='lat' dir='ltr'><strong>Vespasiano</strong></span> <span class='ocrx_word' id='word_1_103' title='bbox 2541 995 2681 1052; x_wconf 87' lang='lat' dir='ltr'><strong>impe-</strong></span> 
     </span>
     <span class='ocr_line' id='line_1_10' title="bbox 413 1071 2678 1137; baseline -0.003 -16"><span class='ocrx_word' id='word_1_104' title='bbox 413 1079 518 1124; x_wconf 87' lang='lat' dir='ltr'><strong>rium</strong></span> <span class='ocrx_word' id='word_1_105' title='bbox 551 1084 806 1137; x_wconf 76' lang='lat' dir='ltr'><strong>capessente</strong></span> <span class='ocrx_word' id='word_1_106' title='bbox 849 1076 903 1123; x_wconf 86' lang='lat' dir='ltr'><strong>ad</strong></span> <span class='ocrx_word' id='word_1_107' title='bbox 945 1091 1096 1123; x_wconf 89' lang='lat' dir='ltr'><strong>annum</strong></span> <span class='ocrx_word' id='word_1_108' title='bbox 1138 1079 1286 1123; x_wconf 84' lang='lat' dir='ltr'><strong>aetatis</strong></span> <span class='ocrx_word' id='word_1_109' title='bbox 1327 1079 1574 1124; x_wconf 86' lang='lat' dir='ltr'><strong>vicesimum</strong></span> <span class='ocrx_word' id='word_1_110' title='bbox 1606 1084 1774 1126; x_wconf 80' lang='lat' dir='ltr'><strong>sextum</strong></span> <span class='ocrx_word' id='word_1_111' title='bbox 1815 1078 1889 1127; x_wconf 86' lang='lat' dir='ltr'><strong>vel</strong></span> <span class='ocrx_word' id='word_1_112' title='bbox 1922 1079 2178 1124; x_wconf 84' lang='lat' dir='ltr'><strong>tricesimum</strong></span> <span class='ocrx_word' id='word_1_113' title='bbox 2212 1075 2470 1134; x_wconf 79' lang='lat' dir='ltr'><strong>pervenerit.</strong></span> <span class='ocrx_word' id='word_1_114' title='bbox 2533 1071 2678 1130; x_wconf 87' lang='lat' dir='ltr'><strong>Itaque</strong></span> 
     </span>
     <span class='ocr_line' id='line_1_11' title="bbox 413 1151 2683 1216; baseline -0.002 -18"><span class='ocrx_word' id='word_1_115' title='bbox 413 1154 560 1199; x_wconf 89' lang='lat' dir='ltr'><strong>Beckii</strong></span> <span class='ocrx_word' id='word_1_116' title='bbox 592 1156 845 1213; x_wconf 87' lang='lat' dir='ltr'><strong>computatio</strong></span> <span class='ocrx_word' id='word_1_117' title='bbox 874 1169 1078 1216; x_wconf 83' lang='lat' dir='ltr'><strong>annorum</strong></span> <span class='ocrx_word' id='word_1_118' title='bbox 1120 1169 1259 1214; x_wconf 86' lang='lat' dir='ltr'><strong>neque</strong></span> <span class='ocrx_word' id='word_1_119' title='bbox 1291 1157 1331 1200; x_wconf 89' lang='lat' dir='ltr'><strong>in</strong></span> <span class='ocrx_word' id='word_1_120' title='bbox 1381 1157 1473 1202; x_wconf 87' lang='lat' dir='ltr'><strong>aliis</strong></span> <span class='ocrx_word' id='word_1_121' title='bbox 1504 1155 1633 1202; x_wconf 87' lang='lat' dir='ltr'><strong>rebus</strong></span> <span class='ocrx_word' id='word_1_122' title='bbox 1664 1156 1877 1215; x_wconf 86' lang='lat' dir='ltr'><strong>probatur,</strong></span> <span class='ocrx_word' id='word_1_123' title='bbox 1910 1171 2047 1214; x_wconf 88' lang='lat' dir='ltr'><strong>neque</strong></span> <span class='ocrx_word' id='word_1_124' title='bbox 2081 1154 2305 1214; x_wconf 87' lang='lat' dir='ltr'><strong>quidquam</strong></span> <span class='ocrx_word' id='word_1_125' title='bbox 2335 1151 2387 1196; x_wconf 88' lang='lat' dir='ltr'><strong>ad</strong></span> <span class='ocrx_word' id='word_1_126' title='bbox 2418 1152 2683 1197; x_wconf 87' lang='lat' dir='ltr'><strong>constituen-</strong></span> 
     </span>
     <span class='ocr_line' id='line_1_12' title="bbox 414 1217 1193 1290; baseline 0.001 -14"><span class='ocrx_word' id='word_1_127' title='bbox 414 1217 509 1276; x_wconf 87' lang='lat' dir='ltr'><strong>dum</strong></span> <span class='ocrx_word' id='word_1_128' title='bbox 541 1233 790 1290; x_wconf 69' lang='lat' dir='ltr'><strong>panegyrici</strong></span> <span class='ocrx_word' id='word_1_129' title='bbox 818 1238 1032 1279; x_wconf 75' lang='lat' dir='ltr'><strong>auctorem</strong></span> <span class='ocrx_word' id='word_1_130' title='bbox 1066 1232 1193 1278; x_wconf 86' lang='lat' dir='ltr'><strong>valet.</strong></span> 
     </span>
    </p>

    <p class='ocr_par' dir='ltr' id='par_1_3' title="bbox 411 1307 2679 2148">
     <span class='ocr_line' id='line_1_13' title="bbox 536 1307 2679 1373; baseline -0.002 -20"><span class='ocrx_word' id='word_1_131' title='bbox 536 1307 656 1361; x_wconf 83' lang='lat' dir='ltr'><strong>Quae</strong></span> <span class='ocrx_word' id='word_1_132' title='bbox 671 1308 854 1359; x_wconf 81' lang='lat' dir='ltr'><strong>Beckius</strong></span> <span class='ocrx_word' id='word_1_133' title='bbox 885 1308 1069 1372; x_wconf 85' lang='lat' dir='ltr'><strong>denique</strong></span> <span class='ocrx_word' id='word_1_134' title='bbox 1097 1309 1238 1358; x_wconf 89' lang='lat' dir='ltr'><strong>ultimo</strong></span> <span class='ocrx_word' id='word_1_135' title='bbox 1263 1311 1367 1359; x_wconf 87' lang='lat' dir='ltr'><strong>loco</strong></span> <span class='ocrx_word' id='word_1_136' title='bbox 1399 1311 1529 1359; x_wconf 89' lang='lat' dir='ltr'><strong>attulit</strong></span> <span class='ocrx_word' id='word_1_137' title='bbox 1553 1311 1620 1371; x_wconf 68' lang='lat'><strong>3),</strong></span> <span class='ocrx_word' id='word_1_138' title='bbox 1654 1318 1697 1359; x_wconf 89' lang='lat' dir='ltr'><strong>ut</strong></span> <span class='ocrx_word' id='word_1_139' title='bbox 1727 1311 1927 1373; x_wconf 84' lang='lat' dir='ltr'><strong>plurimas</strong></span> <span class='ocrx_word' id='word_1_140' title='bbox 1961 1310 2152 1359; x_wconf 88' lang='lat' dir='ltr'><strong>dictionis</strong></span> <span class='ocrx_word' id='word_1_141' title='bbox 2184 1307 2473 1355; x_wconf 82' lang='lat' dir='ltr'><strong>similitudines</strong></span> <span class='ocrx_word' id='word_1_142' title='bbox 2501 1308 2544 1351; x_wconf 91' lang='lat' dir='ltr'><strong>in</strong></span> <span class='ocrx_word' id='word_1_143' title='bbox 2578 1319 2679 1349; x_wconf 89' lang='lat' dir='ltr'><strong>car-</strong></span> 
     </span>
     <span class='ocr_line' id='line_1_14' title="bbox 415 1384 2677 1449; baseline -0.001 -19"><span class='ocrx_word' id='word_1_144' title='bbox 415 1384 593 1432; x_wconf 89' lang='lat' dir='ltr'><strong>minibus</strong></span> <span class='ocrx_word' id='word_1_145' title='bbox 625 1385 743 1434; x_wconf 87' lang='lat' dir='ltr'><strong>Statii</strong></span> <span class='ocrx_word' id='word_1_146' title='bbox 773 1392 899 1446; x_wconf 89' lang='lat' dir='ltr'><strong>atque</strong></span> <span class='ocrx_word' id='word_1_147' title='bbox 928 1388 971 1436; x_wconf 86' lang='lat' dir='ltr'><strong>in</strong></span> <span class='ocrx_word' id='word_1_148' title='bbox 1001 1390 1267 1448; x_wconf 82' lang='lat' dir='ltr'><strong>panegyrico</strong></span> <span class='ocrx_word' id='word_1_149' title='bbox 1300 1388 1551 1444; x_wconf 78' lang='lat' dir='ltr'><strong>Pisoniano,</strong></span> <span class='ocrx_word' id='word_1_150' title='bbox 1598 1395 1641 1435; x_wconf 91' lang='lat' dir='ltr'><strong>ut</strong></span> <span class='ocrx_word' id='word_1_151' title='bbox 1672 1391 1895 1449; x_wconf 74' lang='lat' dir='ltr'><strong>opinatur,</strong></span> <span class='ocrx_word' id='word_1_152' title='bbox 1944 1389 2193 1448; x_wconf 85' lang='lat' dir='ltr'><strong>conspicuas</strong></span> <span class='ocrx_word' id='word_1_153' title='bbox 2225 1385 2509 1440; x_wconf 74' lang='lat' dir='ltr'><strong>demonstret,</strong></span> <span class='ocrx_word' id='word_1_154' title='bbox 2558 1395 2677 1442; x_wconf 87' lang='lat' dir='ltr'><strong>quum</strong></span> 
     </span>
     <span class='ocr_line' id='line_1_15' title="bbox 413 1460 2678 1528; baseline -0.003 -19"><span class='ocrx_word' id='word_1_155' title='bbox 413 1461 554 1510; x_wconf 87' lang='lat' dir='ltr'><strong>laudat</strong></span> <span class='ocrx_word' id='word_1_156' title='bbox 584 1465 729 1515; x_wconf 86' lang='lat' dir='ltr'><strong>miram</strong></span> <span class='ocrx_word' id='word_1_157' title='bbox 761 1477 961 1512; x_wconf 85' lang='lat' dir='ltr'><strong>versuum</strong></span> <span class='ocrx_word' id='word_1_158' title='bbox 992 1465 1264 1523; x_wconf 81' lang='lat' dir='ltr'><strong>facilitatem,</strong></span> <span class='ocrx_word' id='word_1_159' title='bbox 1319 1469 1515 1515; x_wconf 87' lang='lat' dir='ltr'><strong>eximiam</strong></span> <span class='ocrx_word' id='word_1_160' title='bbox 1560 1466 1728 1515; x_wconf 86' lang='lat' dir='ltr'><strong>dicendi</strong></span> <span class='ocrx_word' id='word_1_161' title='bbox 1768 1469 1931 1528; x_wconf 87' lang='lat' dir='ltr'><strong>copiam</strong></span> <span class='ocrx_word' id='word_1_162' title='bbox 1965 1472 2090 1526; x_wconf 84' lang='lat' dir='ltr'><strong>atque</strong></span> <span class='ocrx_word' id='word_1_163' title='bbox 2133 1477 2272 1516; x_wconf 86' lang='lat' dir='ltr'><strong>rerum</strong></span> <span class='ocrx_word' id='word_1_164' title='bbox 2307 1461 2561 1520; x_wconf 81' lang='lat' dir='ltr'><strong>singularum</strong></span> <span class='ocrx_word' id='word_1_165' title='bbox 2594 1460 2678 1503; x_wconf 87' lang='lat' dir='ltr'><strong>de-</strong></span> 
     </span>
     <span class='ocr_line' id='line_1_16' title="bbox 411 1539 2679 1606; baseline -0.001 -21"><span class='ocrx_word' id='word_1_166' title='bbox 411 1541 710 1601; x_wconf 84' lang='lat' dir='ltr'><strong>scriptionem,</strong></span> <span class='ocrx_word' id='word_1_167' title='bbox 742 1543 918 1591; x_wconf 76' lang='lat' dir='ltr'><strong>similem</strong></span> <span class='ocrx_word' id='word_1_168' title='bbox 951 1547 1263 1604; x_wconf 88' lang='lat' dir='ltr'><strong>compositionis</strong></span> <span class='ocrx_word' id='word_1_169' title='bbox 1292 1548 1521 1602; x_wconf 85' lang='lat' dir='ltr'><strong>rationem,</strong></span> <span class='ocrx_word' id='word_1_170' title='bbox 1555 1546 1734 1592; x_wconf 87' lang='lat' dir='ltr'><strong>eandem</strong></span> <span class='ocrx_word' id='word_1_171' title='bbox 1765 1560 1900 1606; x_wconf 90' lang='lat' dir='ltr'><strong>prope</strong></span> <span class='ocrx_word' id='word_1_172' title='bbox 1931 1548 1972 1591; x_wconf 88' lang='lat' dir='ltr'><strong>in</strong></span> <span class='ocrx_word' id='word_1_173' title='bbox 2006 1543 2287 1605; x_wconf 86' lang='lat' dir='ltr'><strong>peculiaribus</strong></span> <span class='ocrx_word' id='word_1_174' title='bbox 2321 1541 2551 1585; x_wconf 89' lang='lat' dir='ltr'><strong>verborum</strong></span> <span class='ocrx_word' id='word_1_175' title='bbox 2581 1539 2679 1583; x_wconf 88' lang='lat' dir='ltr'><strong>for-—</strong></span> 
     </span>
     <span class='ocr_line' id='line_1_17' title="bbox 413 1616 2677 1682; baseline 0.001 -20"><span class='ocrx_word' id='word_1_176' title='bbox 413 1617 534 1665; x_wconf 90' lang='lat' dir='ltr'><strong>mulis</strong></span> <span class='ocrx_word' id='word_1_177' title='bbox 566 1618 815 1675; x_wconf 88' lang='lat' dir='ltr'><strong>dictionem,</strong></span> <span class='ocrx_word' id='word_1_178' title='bbox 845 1620 956 1676; x_wconf 85' lang='lat' dir='ltr'><strong>alia,</strong></span> <span class='ocrx_word' id='word_1_179' title='bbox 989 1636 1040 1667; x_wconf 89' lang='lat' dir='ltr'><strong>ea</strong></span> <span class='ocrx_word' id='word_1_180' title='bbox 1076 1622 1147 1668; x_wconf 88' lang='lat' dir='ltr'><strong>vel</strong></span> <span class='ocrx_word' id='word_1_181' title='bbox 1178 1637 1303 1670; x_wconf 87' lang='lat' dir='ltr'><strong>nemo</strong></span> <span class='ocrx_word' id='word_1_182' title='bbox 1337 1629 1507 1682; x_wconf 82' lang='lat' dir='ltr'><strong>praeter</strong></span> <span class='ocrx_word' id='word_1_183' title='bbox 1538 1622 1738 1669; x_wconf 90' lang='lat' dir='ltr'><strong>Beckium</strong></span> <span class='ocrx_word' id='word_1_184' title='bbox 1772 1638 1821 1669; x_wconf 88' lang='lat' dir='ltr'><strong>re</strong></span> <span class='ocrx_word' id='word_1_185' title='bbox 1856 1637 1961 1669; x_wconf 87' lang='lat' dir='ltr'><strong>vera</strong></span> <span class='ocrx_word' id='word_1_186' title='bbox 1995 1622 2243 1668; x_wconf 86' lang='lat' dir='ltr'><strong>observavit</strong></span> <span class='ocrx_word' id='word_1_187' title='bbox 2267 1620 2332 1677; x_wconf 78' lang='lat'><strong>⁴),</strong></span> <span class='ocrx_word' id='word_1_188' title='bbox 2367 1618 2440 1663; x_wconf 90' lang='lat' dir='ltr'><strong>vel</strong></span> <span class='ocrx_word' id='word_1_189' title='bbox 2472 1616 2677 1662; x_wconf 82' lang='lat' dir='ltr'><strong>eiusmodi</strong></span> 
     </span>
     <span class='ocr_line' id='line_1_18' title="bbox 413 1696 2677 1761; baseline 0 -23"><span class='ocrx_word' id='word_1_190' title='bbox 413 1700 535 1750; x_wconf 90' lang='lat' dir='ltr'><strong>sunt,</strong></span> <span class='ocrx_word' id='word_1_191' title='bbox 585 1702 629 1740; x_wconf 87' lang='lat' dir='ltr'><strong>ut</strong></span> <span class='ocrx_word' id='word_1_192' title='bbox 679 1699 722 1741; x_wconf 91' lang='lat' dir='ltr'><strong>in</strong></span> <span class='ocrx_word' id='word_1_193' title='bbox 754 1697 845 1742; x_wconf 90' lang='lat' dir='ltr'><strong>aliis</strong></span> <span class='ocrx_word' id='word_1_194' title='bbox 886 1712 1052 1758; x_wconf 85' lang='lat' dir='ltr'><strong>quoque</strong></span> <span class='ocrx_word' id='word_1_195' title='bbox 1083 1703 1219 1759; x_wconf 84' lang='lat' dir='ltr'><strong>poetis</strong></span> <span class='ocrx_word' id='word_1_196' title='bbox 1250 1701 1390 1746; x_wconf 89' lang='lat' dir='ltr'><strong>latinis</strong></span> <span class='ocrx_word' id='word_1_197' title='bbox 1422 1708 1679 1761; x_wconf 83' lang='lat' dir='ltr'><strong>appareant,</strong></span> <span class='ocrx_word' id='word_1_198' title='bbox 1740 1703 1894 1760; x_wconf 86' lang='lat' dir='ltr'><strong>quippe</strong></span> <span class='ocrx_word' id='word_1_199' title='bbox 1941 1714 2049 1760; x_wconf 84' lang='lat' dir='ltr'><strong>quae</strong></span> <span class='ocrx_word' id='word_1_200' title='bbox 2091 1705 2237 1744; x_wconf 86' lang='lat' dir='ltr'><strong>natura</strong></span> <span class='ocrx_word' id='word_1_201' title='bbox 2279 1698 2488 1754; x_wconf 85' lang='lat' dir='ltr'><strong>legesque</strong></span> <span class='ocrx_word' id='word_1_202' title='bbox 2534 1696 2677 1755; x_wconf 86' lang='lat' dir='ltr'><strong>poesis</strong></span> 
     </span>
     <span class='ocr_line' id='line_1_19' title="bbox 411 1770 2676 1839; baseline 0.001 -24"><span class='ocrx_word' id='word_1_203' title='bbox 411 1771 565 1817; x_wconf 88' lang='lat' dir='ltr'><strong>latinae</strong></span> <span class='ocrx_word' id='word_1_204' title='bbox 596 1774 807 1832; x_wconf 78' lang='lat' dir='ltr'><strong>postulent</strong></span> <span class='ocrx_word' id='word_1_205' title='bbox 830 1774 892 1834; x_wconf 75' lang='lat'><strong>⁵).</strong></span> <span class='ocrx_word' id='word_1_206' title='bbox 939 1776 1207 1837; x_wconf 84' lang='lat' dir='ltr'><strong>Quapropter</strong></span> <span class='ocrx_word' id='word_1_207' title='bbox 1237 1781 1315 1824; x_wconf 89' lang='lat' dir='ltr'><strong>viri</strong></span> <span class='ocrx_word' id='word_1_208' title='bbox 1348 1778 1457 1824; x_wconf 90' lang='lat' dir='ltr'><strong>docti</strong></span> <span class='ocrx_word' id='word_1_209' title='bbox 1481 1779 1587 1825; x_wconf 89' lang='lat' dir='ltr'><strong>banc</strong></span> <span class='ocrx_word' id='word_1_210' title='bbox 1614 1778 1667 1825; x_wconf 86' lang='lat' dir='ltr'><strong>de</strong></span> <span class='ocrx_word' id='word_1_211' title='bbox 1689 1778 1821 1825; x_wconf 87' lang='lat' dir='ltr'><strong>Statio</strong></span> <span class='ocrx_word' id='word_1_212' title='bbox 1853 1781 2121 1839; x_wconf 85' lang='lat' dir='ltr'><strong>opinionem,</strong></span> <span class='ocrx_word' id='word_1_213' title='bbox 2155 1778 2235 1822; x_wconf 87' lang='lat' dir='ltr'><strong>iam</strong></span> <span class='ocrx_word' id='word_1_214' title='bbox 2263 1789 2286 1819; x_wconf 87' lang='lat' dir='ltr'><strong>a</strong></span> <span class='ocrx_word' id='word_1_215' title='bbox 2312 1771 2604 1819; x_wconf 89' lang='lat' dir='ltr'><strong>Wernsdorfio</strong></span> <span class='ocrx_word' id='word_1_216' title='bbox 2629 1770 2676 1829; x_wconf 75' lang='grc' dir='ltr'><strong>ὃ)</strong></span> 
     </span>
     <span class='ocr_line' id='line_1_20' title="bbox 413 1849 2675 1915; baseline -0 -22"><span class='ocrx_word' id='word_1_217' title='bbox 413 1855 623 1907; x_wconf 90' lang='lat' dir='ltr'><strong>notatam,</strong></span> <span class='ocrx_word' id='word_1_218' title='bbox 657 1855 807 1898; x_wconf 89' lang='lat' dir='ltr'><strong>merito</strong></span> <span class='ocrx_word' id='word_1_219' title='bbox 827 1853 1087 1909; x_wconf 84' lang='lat' dir='ltr'><strong>damnarunt,</strong></span> <span class='ocrx_word' id='word_1_220' title='bbox 1120 1856 1260 1901; x_wconf 87' lang='lat' dir='ltr'><strong>Carol.</strong></span> <span class='ocrx_word' id='word_1_221' title='bbox 1284 1857 1416 1903; x_wconf 88' lang='lat' dir='ltr'><strong>Lehrs</strong></span> <span class='ocrx_word' id='word_1_222' title='bbox 1439 1856 1504 1914; x_wconf 77' lang='lat'><strong>⁷),</strong></span> <span class='ocrx_word' id='word_1_223' title='bbox 1538 1863 1713 1915; x_wconf 89' lang='lat' dir='ltr'><strong>propter</strong></span> <span class='ocrx_word' id='word_1_224' title='bbox 1732 1856 2076 1913; x_wconf 89' lang='lat' dir='ltr'><strong>compositionem</strong></span> <span class='ocrx_word' id='word_1_225' title='bbox 2100 1864 2317 1904; x_wconf 88' lang='lat' dir='ltr'><strong>versuum,</strong></span> <span class='ocrx_word' id='word_1_226' title='bbox 2351 1862 2473 1907; x_wconf 89' lang='lat' dir='ltr'><strong>quam</strong></span> <span class='ocrx_word' id='word_1_227' title='bbox 2493 1849 2675 1893; x_wconf 87' lang='lat' dir='ltr'><strong>Beckius</strong></span> 
     </span>
     <span class='ocr_line' id='line_1_21' title="bbox 412 1927 2677 1990; baseline -0 -20"><span class='ocrx_word' id='word_1_228' title='bbox 412 1939 497 1971; x_wconf 90' lang='lat' dir='ltr'><strong>non</strong></span> <span class='ocrx_word' id='word_1_229' title='bbox 526 1929 684 1985; x_wconf 84' lang='lat' dir='ltr'><strong>attigit,</strong></span> <span class='ocrx_word' id='word_1_230' title='bbox 726 1932 1029 1989; x_wconf 80' lang='lat' dir='ltr'><strong>panegyricum</strong></span> <span class='ocrx_word' id='word_1_231' title='bbox 1063 1930 1183 1977; x_wconf 87' lang='lat' dir='ltr'><strong>Statii</strong></span> <span class='ocrx_word' id='word_1_232' title='bbox 1215 1946 1314 1978; x_wconf 86' lang='lat' dir='ltr'><strong>esse</strong></span> <span class='ocrx_word' id='word_1_233' title='bbox 1346 1946 1534 1990; x_wconf 85' lang='lat' dir='ltr'><strong>negans,</strong></span> <span class='ocrx_word' id='word_1_234' title='bbox 1579 1945 1702 1990; x_wconf 90' lang='lat' dir='ltr'><strong>quum</strong></span> <span class='ocrx_word' id='word_1_235' title='bbox 1735 1932 1986 1990; x_wconf 73' lang='lat' dir='ltr'><strong>Anonymus</strong></span> <span class='ocrx_word' id='word_1_236' title='bbox 2017 1932 2153 1976; x_wconf 86' lang='lat' dir='ltr'><strong>rarius</strong></span> <span class='ocrx_word' id='word_1_237' title='bbox 2186 1941 2308 1988; x_wconf 87' lang='lat' dir='ltr'><strong>quam</strong></span> <span class='ocrx_word' id='word_1_238' title='bbox 2340 1927 2537 1986; x_wconf 88' lang='lat' dir='ltr'><strong>Papinius</strong></span> <span class='ocrx_word' id='word_1_239' title='bbox 2570 1939 2677 1970; x_wconf 89' lang='lat' dir='ltr'><strong>cae-</strong></span> 
     </span>
     <span class='ocr_line' id='line_1_22' title="bbox 418 2007 2676 2070; baseline 0.001 -23"><span class='ocrx_word' id='word_1_240' title='bbox 418 2017 515 2048; x_wconf 90' lang='lat' dir='ltr'><strong>sura</strong></span> <span class='ocrx_word' id='word_1_241' title='bbox 547 2012 643 2063; x_wconf 89' lang='lat' dir='ltr'><strong>post</strong></span> <span class='ocrx_word' id='word_1_242' title='bbox 674 2008 846 2065; x_wconf 91' lang='lat' dir='ltr'><strong>primum</strong></span> <span class='ocrx_word' id='word_1_243' title='bbox 884 2007 1119 2067; x_wconf 82' lang='lat' dir='ltr'><strong>dactylum,</strong></span> <span class='ocrx_word' id='word_1_244' title='bbox 1155 2010 1248 2055; x_wconf 90' lang='lat' dir='ltr'><strong>dum</strong></span> <span class='ocrx_word' id='word_1_245' title='bbox 1282 2013 1415 2055; x_wconf 90' lang='lat' dir='ltr'><strong>maior</strong></span> <span class='ocrx_word' id='word_1_246' title='bbox 1446 2024 1577 2070; x_wconf 88' lang='lat' dir='ltr'><strong>pausa</strong></span> <span class='ocrx_word' id='word_1_247' title='bbox 1609 2016 1837 2069; x_wconf 85' lang='lat' dir='ltr'><strong>sequatur,</strong></span> <span class='ocrx_word' id='word_1_248' title='bbox 1890 2017 2013 2069; x_wconf 85' lang='lat' dir='ltr'><strong>atque</strong></span> <span class='ocrx_word' id='word_1_249' title='bbox 2046 2011 2182 2055; x_wconf 88' lang='lat' dir='ltr'><strong>rarius</strong></span> <span class='ocrx_word' id='word_1_250' title='bbox 2215 2008 2392 2053; x_wconf 89' lang='lat' dir='ltr'><strong>elisione</strong></span> <span class='ocrx_word' id='word_1_251' title='bbox 2425 2011 2585 2060; x_wconf 89' lang='lat' dir='ltr'><strong>utatur,</strong></span> <span class='ocrx_word' id='word_1_252' title='bbox 2634 2012 2676 2050; x_wconf 85' lang='lat' dir='ltr'><strong>et</strong></span> 
     </span>
     <span class='ocr_line' id='line_1_23' title="bbox 415 2079 1748 2148; baseline 0.008 -24"><span class='ocrx_word' id='word_1_253' title='bbox 415 2079 545 2126; x_wconf 88' lang='lat' dir='ltr'><strong>Maur.</strong></span> <span class='ocrx_word' id='word_1_254' title='bbox 577 2081 716 2142; x_wconf 88' lang='lat' dir='ltr'><strong>Haupt</strong></span> <span class='ocrx_word' id='word_1_255' title='bbox 738 2083 814 2142; x_wconf 76' lang='lat'><strong>8),</strong></span> <span class='ocrx_word' id='word_1_256' title='bbox 848 2087 915 2144; x_wconf 85' lang='lat' dir='ltr'><strong>qui</strong></span> <span class='ocrx_word' id='word_1_257' title='bbox 947 2086 1109 2133; x_wconf 87' lang='lat' dir='ltr'><strong>Lehrsii</strong></span> <span class='ocrx_word' id='word_1_258' title='bbox 1141 2090 1326 2134; x_wconf 85' lang='lat' dir='ltr'><strong>rationes</strong></span> <span class='ocrx_word' id='word_1_259' title='bbox 1357 2087 1631 2148; x_wconf 87' lang='lat' dir='ltr'><strong>comprobat,</strong></span> <span class='ocrx_word' id='word_1_260' title='bbox 1668 2088 1748 2134; x_wconf 87' lang='lat' dir='ltr'><strong>alii.</strong></span> 
     </span>
    </p>

    <p class='ocr_par' dir='ltr' id='par_1_4' title="bbox 407 2158 2678 2614">
     <span class='ocr_line' id='line_1_24' title="bbox 534 2158 2675 2224; baseline 0.001 -21"><span class='ocrx_word' id='word_1_261' title='bbox 534 2158 741 2217; x_wconf 87' lang='lat' dir='ltr'><strong>Superest</strong></span> <span class='ocrx_word' id='word_1_262' title='bbox 774 2168 817 2206; x_wconf 91' lang='lat' dir='ltr'><strong>ut</strong></span> <span class='ocrx_word' id='word_1_263' title='bbox 849 2162 904 2206; x_wconf 89' lang='lat' dir='ltr'><strong>de</strong></span> <span class='ocrx_word' id='word_1_264' title='bbox 936 2162 1168 2219; x_wconf 75' lang='lat' dir='ltr'><strong>Calpurnio</strong></span> <span class='ocrx_word' id='word_1_265' title='bbox 1202 2173 1326 2223; x_wconf 88' lang='lat' dir='ltr'><strong>poeta</strong></span> <span class='ocrx_word' id='word_1_266' title='bbox 1362 2165 1555 2211; x_wconf 90' lang='lat' dir='ltr'><strong>bucolico</strong></span> <span class='ocrx_word' id='word_1_267' title='bbox 1586 2165 1770 2220; x_wconf 82' lang='lat' dir='ltr'><strong>dicatur,</strong></span> <span class='ocrx_word' id='word_1_268' title='bbox 1805 2167 1869 2210; x_wconf 93' lang='lat' dir='ltr'><strong>cui</strong></span> <span class='ocrx_word' id='word_1_269' title='bbox 1904 2166 2207 2224; x_wconf 82' lang='lat' dir='ltr'><strong>panegyricum</strong></span> <span class='ocrx_word' id='word_1_270' title='bbox 2238 2163 2501 2209; x_wconf 83' lang='lat' dir='ltr'><strong>Pisonianum</strong></span> <span class='ocrx_word' id='word_1_271' title='bbox 2534 2167 2675 2207; x_wconf 85' lang='lat' dir='ltr'><strong>nostra</strong></span> 
     </span>
     <span class='ocr_line' id='line_1_25' title="bbox 413 2236 2675 2302; baseline 0.003 -24"><span class='ocrx_word' id='word_1_272' title='bbox 413 2241 551 2280; x_wconf 88' lang='lat' dir='ltr'><strong>aetate</strong></span> <span class='ocrx_word' id='word_1_273' title='bbox 582 2237 837 2297; x_wconf 84' lang='lat' dir='ltr'><strong>adscriptum</strong></span> <span class='ocrx_word' id='word_1_274' title='bbox 868 2247 947 2286; x_wconf 86' lang='lat' dir='ltr'><strong>est.</strong></span> <span class='ocrx_word' id='word_1_275' title='bbox 1009 2242 1093 2286; x_wconf 87' lang='lat' dir='ltr'><strong>Iam</strong></span> <span class='ocrx_word' id='word_1_276' title='bbox 1117 2241 1242 2302; x_wconf 87' lang='lat' dir='ltr'><strong>Casp.</strong></span> <span class='ocrx_word' id='word_1_277' title='bbox 1277 2242 1472 2287; x_wconf 87' lang='lat' dir='ltr'><strong>Bartbius</strong></span> <span class='ocrx_word' id='word_1_278' title='bbox 1494 2242 1536 2292; x_wconf 77' lang='grc'><strong>9)</strong></span> <span class='ocrx_word' id='word_1_279' title='bbox 1568 2244 1611 2286; x_wconf 91' lang='lat' dir='ltr'><strong>in</strong></span> <span class='ocrx_word' id='word_1_280' title='bbox 1642 2245 1828 2287; x_wconf 87' lang='lat' dir='ltr'><strong>carmine</strong></span> <span class='ocrx_word' id='word_1_281' title='bbox 1859 2248 2030 2296; x_wconf 87' lang='lat' dir='ltr'><strong>nostro,</strong></span> <span class='ocrx_word' id='word_1_282' title='bbox 2082 2239 2192 2298; x_wconf 90' lang='lat' dir='ltr'><strong>quod</strong></span> <span class='ocrx_word' id='word_1_283' title='bbox 2226 2254 2291 2286; x_wconf 92' lang='lat' dir='ltr'><strong>vs.</strong></span> <span class='ocrx_word' id='word_1_284' title='bbox 2316 2236 2497 2286; x_wconf 82' lang='lat'>25—38</span> <span class='ocrx_word' id='word_1_285' title='bbox 2527 2252 2675 2297; x_wconf 75' lang='lat' dir='ltr'><strong>pacem</strong></span> 
     </span>
     <span class='ocr_line' id='line_1_26' title="bbox 411 2312 2678 2379; baseline 0.002 -22"><span class='ocrx_word' id='word_1_286' title='bbox 411 2312 693 2358; x_wconf 78' lang='lat' dir='ltr'><strong>Romanarum</strong></span> <span class='ocrx_word' id='word_1_287' title='bbox 743 2330 885 2361; x_wconf 89' lang='lat' dir='ltr'><strong>rerum</strong></span> <span class='ocrx_word' id='word_1_288' title='bbox 931 2318 1115 2373; x_wconf 87' lang='lat' dir='ltr'><strong>indicet,</strong></span> <span class='ocrx_word' id='word_1_289' title='bbox 1172 2319 1448 2377; x_wconf 75' lang='lat' dir='ltr'><strong>Calpurnium</strong></span> <span class='ocrx_word' id='word_1_290' title='bbox 1487 2321 1670 2379; x_wconf 76' lang='lat' dir='ltr'><strong>aliquem</strong></span> <span class='ocrx_word' id='word_1_291' title='bbox 1719 2322 1881 2378; x_wconf 76' lang='lat' dir='ltr'><strong>referri</strong></span> <span class='ocrx_word' id='word_1_292' title='bbox 1933 2323 2069 2379; x_wconf 89' lang='lat' dir='ltr'><strong>potius</strong></span> <span class='ocrx_word' id='word_1_293' title='bbox 2122 2334 2244 2378; x_wconf 87' lang='lat' dir='ltr'><strong>quam</strong></span> <span class='ocrx_word' id='word_1_294' title='bbox 2284 2319 2492 2363; x_wconf 87' lang='lat' dir='ltr'><strong>Lucanum</strong></span> <span class='ocrx_word' id='word_1_295' title='bbox 2548 2320 2678 2362; x_wconf 83' lang='lat' dir='ltr'><strong>inve—</strong></span> 
     </span>
     <span class='ocr_line' id='line_1_27' title="bbox 413 2395 2676 2460; baseline 0.003 -25"><span class='ocrx_word' id='word_1_296' title='bbox 413 2398 536 2437; x_wconf 80' lang='lat' dir='ltr'><strong>nei-at</strong></span> <span class='ocrx_word' id='word_1_297' title='bbox 567 2399 609 2436; x_wconf 88' lang='lat' dir='ltr'><strong>et</strong></span> <span class='ocrx_word' id='word_1_298' title='bbox 639 2400 864 2454; x_wconf 86' lang='lat' dir='ltr'><strong>propterea</strong></span> <span class='ocrx_word' id='word_1_299' title='bbox 895 2395 1090 2441; x_wconf 86' lang='lat' dir='ltr'><strong>Pisonem</strong></span> <span class='ocrx_word' id='word_1_300' title='bbox 1123 2398 1368 2456; x_wconf 88' lang='lat' dir='ltr'><strong>consulem,</strong></span> <span class='ocrx_word' id='word_1_301' title='bbox 1401 2414 1427 2444; x_wconf 83' lang='lat' dir='ltr'><strong>a</strong></span> <span class='ocrx_word' id='word_1_302' title='bbox 1460 2402 1734 2460; x_wconf 76' lang='lat' dir='ltr'><strong>panegyrista</strong></span> <span class='ocrx_word' id='word_1_303' title='bbox 1765 2399 1955 2446; x_wconf 87' lang='lat' dir='ltr'><strong>laudibus</strong></span> <span class='ocrx_word' id='word_1_304' title='bbox 1987 2399 2269 2453; x_wconf 81' lang='lat' dir='ltr'><strong>celebratum,</strong></span> <span class='ocrx_word' id='word_1_305' title='bbox 2311 2398 2362 2441; x_wconf 91' lang='lat' dir='ltr'><strong>ad</strong></span> <span class='ocrx_word' id='word_1_306' title='bbox 2393 2411 2545 2441; x_wconf 80' lang='lat' dir='ltr'><strong>annum</strong></span> <span class='ocrx_word' id='word_1_307' title='bbox 2577 2396 2676 2442; x_wconf 84' lang='lat' dir='ltr'>XIII</span> 
     </span>
     <span class='ocr_line' id='line_1_28' title="bbox 414 2468 2676 2536; baseline 0.002 -22"><span class='ocrx_word' id='word_1_308' title='bbox 414 2468 613 2528; x_wconf 84' lang='lat' dir='ltr'><strong>Traiani,</strong></span> <span class='ocrx_word' id='word_1_309' title='bbox 661 2485 743 2531; x_wconf 91' lang='lat' dir='ltr'><strong>quo</strong></span> <span class='ocrx_word' id='word_1_310' title='bbox 764 2472 811 2518; x_wconf 89' lang='lat' dir='ltr'><strong>L.</strong></span> <span class='ocrx_word' id='word_1_311' title='bbox 832 2473 1029 2534; x_wconf 87' lang='lat' dir='ltr'><strong>Calpurn.</strong></span> <span class='ocrx_word' id='word_1_312' title='bbox 1051 2475 1150 2521; x_wconf 89' lang='lat' dir='ltr'><strong>Piso</strong></span> <span class='ocrx_word' id='word_1_313' title='bbox 1171 2477 1334 2536; x_wconf 80' lang='lat' dir='ltr'><strong>quidam</strong></span> <span class='ocrx_word' id='word_1_314' title='bbox 1348 2478 1495 2524; x_wconf 88' lang='lat' dir='ltr'><strong>consul</strong></span> <span class='ocrx_word' id='word_1_315' title='bbox 1525 2477 1628 2534; x_wconf 81' lang='lat' dir='ltr'><strong>fuit,</strong></span> <span class='ocrx_word' id='word_1_316' title='bbox 1671 2478 1770 2536; x_wconf 83' lang='lat' dir='ltr'><strong>olim</strong></span> <span class='ocrx_word' id='word_1_317' title='bbox 1792 2478 2088 2524; x_wconf 83' lang='lat' dir='ltr'><strong>collocaverat.</strong></span> <span class='ocrx_word' id='word_1_318' title='bbox 2153 2476 2254 2522; x_wconf 88' lang='lat' dir='ltr'><strong>Post</strong></span> <span class='ocrx_word' id='word_1_319' title='bbox 2276 2476 2516 2530; x_wconf 77' lang='lat' dir='ltr'><strong>Barthium,</strong></span> <span class='ocrx_word' id='word_1_320' title='bbox 2558 2478 2676 2520; x_wconf 87' lang='lat' dir='ltr'><strong>cuius</strong></span> 
     </span>
     <span class='ocr_line' id='line_1_29' title="bbox 407 2550 2661 2614; baseline 0.003 -22"><span class='ocrx_word' id='word_1_321' title='bbox 407 2551 674 2605; x_wconf 85' lang='lat' dir='ltr'><strong>sententiam,</strong></span> <span class='ocrx_word' id='word_1_322' title='bbox 709 2550 785 2596; x_wconf 87' lang='lat' dir='ltr'><strong>sed</strong></span> <span class='ocrx_word' id='word_1_323' title='bbox 818 2551 928 2595; x_wconf 88' lang='lat' dir='ltr'><strong>male</strong></span> <span class='ocrx_word' id='word_1_324' title='bbox 959 2552 1231 2611; x_wconf 84' lang='lat' dir='ltr'><strong>intellectam,</strong></span> <span class='ocrx_word' id='word_1_325' title='bbox 1255 2554 1573 2600; x_wconf 87' lang='lat' dir='ltr'><strong>Wernsdorfius</strong></span> <span class='ocrx_word' id='word_1_326' title='bbox 1605 2555 1808 2603; x_wconf 73' lang='lat' dir='ltr'><strong>absonam</strong></span> <span class='ocrx_word' id='word_1_327' title='bbox 1837 2569 1936 2602; x_wconf 82' lang='lat' dir='ltr'><strong>esse</strong></span> <span class='ocrx_word' id='word_1_328' title='bbox 1968 2555 2134 2600; x_wconf 83' lang='lat' dir='ltr'><strong>dixerat</strong></span> <span class='ocrx_word' id='word_1_329' title='bbox 2160 2555 2248 2614; x_wconf 79' lang='lat'><strong>¹⁰),</strong></span> <span class='ocrx_word' id='word_1_330' title='bbox 2280 2555 2399 2602; x_wconf 86' lang='lat' dir='ltr'><strong>idem</strong></span> <span class='ocrx_word' id='word_1_331' title='bbox 2420 2553 2490 2612; x_wconf 79' lang='lat'><strong>¹¹]</strong></span> <span class='ocrx_word' id='word_1_332' title='bbox 2522 2565 2661 2601; x_wconf 63' lang='lat' dir='ltr'><strong>umen</strong></span> 
     </span>
    </p>
   </div>
   <div class='ocr_carea' id='block_1_3' title="bbox 412 2641 576 2650">
    <p class='ocr_par' dir='ltr' id='par_1_5' title="bbox 412 2641 576 2650">
     <span class='ocr_line' id='line_1_30' title="bbox 412 2641 576 2650; baseline 0 982"><span class='ocrx_word' id='word_1_333' title='bbox 412 2641 576 2650; x_wconf 95' lang='lat' dir='ltr'><strong> </strong></span> 
     </span>
    </p>
   </div>
   <div class='ocr_carea' id='block_1_4' title="bbox 579 2646 672 2653">
    <p class='ocr_par' dir='ltr' id='par_1_6' title="bbox 579 2646 672 2653">
     <span class='ocr_line' id='line_1_31' title="bbox 579 2646 672 2653; baseline 0 979"><span class='ocrx_word' id='word_1_334' title='bbox 579 2646 672 2653; x_wconf 95' lang='lat' dir='ltr'><strong> </strong></span> 
     </span>
    </p>
   </div>
   <div class='ocr_carea' id='block_1_5' title="bbox 673 2647 896 2656">
    <p class='ocr_par' dir='ltr' id='par_1_7' title="bbox 673 2647 896 2656">
     <span class='ocr_line' id='line_1_32' title="bbox 673 2647 896 2656; baseline 0 976"><span class='ocrx_word' id='word_1_335' title='bbox 673 2647 896 2656; x_wconf 95' lang='lat' dir='ltr'><strong> </strong></span> 
     </span>
    </p>
   </div>
   <div class='ocr_carea' id='block_1_6' title="bbox 410 2711 2670 2920">
    <p class='ocr_par' dir='ltr' id='par_1_8' title="bbox 462 2711 2670 2865">
     <span class='ocr_line' id='line_1_33' title="bbox 466 2711 2670 2766; baseline 0.005 -17"><span class='ocrx_word' id='word_1_336' title='bbox 466 2711 507 2761; x_wconf 84' lang='grc'><strong>1)</strong></span> <span class='ocrx_word' id='word_1_337' title='bbox 535 2716 661 2751; x_wconf 84' lang='lat' dir='ltr'><strong>Eckbel</strong></span> <span class='ocrx_word' id='word_1_338' title='bbox 690 2717 802 2751; x_wconf 90' lang='lat' dir='ltr'><strong>Doctr.</strong></span> <span class='ocrx_word' id='word_1_339' title='bbox 830 2718 919 2751; x_wconf 87' lang='lat' dir='ltr'><strong>Num.</strong></span> <span class='ocrx_word' id='word_1_340' title='bbox 950 2718 996 2752; x_wconf 86' lang='lat' dir='ltr'><strong>vl</strong></span> <span class='ocrx_word' id='word_1_341' title='bbox 1023 2730 1054 2763; x_wconf 90' lang='lat' dir='ltr'><strong>p.</strong></span> <span class='ocrx_word' id='word_1_342' title='bbox 1082 2719 1168 2754; x_wconf 81' lang='lat'><strong>378.</strong></span> <span class='ocrx_word' id='word_1_343' title='bbox 1635 2715 1681 2766; x_wconf 83' lang='lat'><strong>7)</strong></span> <span class='ocrx_word' id='word_1_344' title='bbox 1710 2719 1842 2760; x_wconf 86' lang='lat' dir='ltr'><strong>Quaest.</strong></span> <span class='ocrx_word' id='word_1_345' title='bbox 1872 2718 1963 2762; x_wconf 85' lang='lat' dir='ltr'><strong>Epic.</strong></span> <span class='ocrx_word' id='word_1_346' title='bbox 1990 2728 2021 2762; x_wconf 91' lang='lat' dir='ltr'><strong>p.</strong></span> <span class='ocrx_word' id='word_1_347' title='bbox 2051 2716 2137 2752; x_wconf 84' lang='lat'><strong>305.</strong></span> <span class='ocrx_word' id='word_1_348' title='bbox 2167 2718 2214 2754; x_wconf 86' lang='lat' dir='ltr'><strong>Ita</strong></span> <span class='ocrx_word' id='word_1_349' title='bbox 2243 2722 2368 2756; x_wconf 81' lang='lat' dir='ltr'><strong>Statius</strong></span> <span class='ocrx_word' id='word_1_350' title='bbox 2394 2723 2569 2759; x_wconf 83' lang='lat' dir='ltr'><strong>admodum</strong></span> <span class='ocrx_word' id='word_1_351' title='bbox 2596 2735 2670 2759; x_wconf 88' lang='lat' dir='ltr'><strong>raro</strong></span> 
     </span>
     <span class='ocr_line' id='line_1_34' title="bbox 463 2762 2670 2863; baseline 0.005 -62"><span class='ocrx_word' id='word_1_352' title='bbox 463 2762 511 2863; x_wconf 55' lang='lat'><strong>23</strong></span> <span class='ocrx_word' id='word_1_353' title='bbox 542 2767 605 2803; x_wconf 88' lang='lat' dir='ltr'><strong>Dio</strong></span> <span class='ocrx_word' id='word_1_354' title='bbox 633 2768 723 2803; x_wconf 77' lang='lat' dir='ltr'><strong>Cass.</strong></span> <span class='ocrx_word' id='word_1_355' title='bbox 753 2767 878 2813; x_wconf 87' lang='lat' dir='ltr'><strong>LXVI,</strong></span> <span class='ocrx_word' id='word_1_356' title='bbox 906 2767 967 2804; x_wconf 84' lang='lat'><strong>21.</strong></span> <span class='ocrx_word' id='word_1_357' title='bbox 1582 2780 1716 2806; x_wconf 81' lang='lat' dir='ltr'><strong>caesura</strong></span> <span class='ocrx_word' id='word_1_358' title='bbox 1745 2769 1910 2805; x_wconf 85' lang='lat' dir='ltr'><strong>trochaica</strong></span> <span class='ocrx_word' id='word_1_359' title='bbox 1929 2769 1960 2803; x_wconf 91' lang='lat' dir='ltr'><strong>in</strong></span> <span class='ocrx_word' id='word_1_360' title='bbox 1989 2770 2075 2814; x_wconf 90' lang='lat' dir='ltr'><strong>pede</strong></span> <span class='ocrx_word' id='word_1_361' title='bbox 2105 2775 2224 2814; x_wconf 78' lang='lat' dir='ltr'><strong>quarto</strong></span> <span class='ocrx_word' id='word_1_362' title='bbox 2254 2774 2366 2817; x_wconf 85' lang='lat' dir='ltr'><strong>utitur,</strong></span> <span class='ocrx_word' id='word_1_363' title='bbox 2395 2776 2497 2810; x_wconf 84' lang='lat' dir='ltr'><strong>semel</strong></span> <span class='ocrx_word' id='word_1_364' title='bbox 2524 2776 2556 2810; x_wconf 88' lang='lat' dir='ltr'><strong>iu</strong></span> <span class='ocrx_word' id='word_1_365' title='bbox 2585 2787 2670 2821; x_wconf 85' lang='lat' dir='ltr'><strong>qua-</strong></span> 
     </span>
     <span class='ocr_line' id='line_1_35' title="bbox 462 2816 2047 2865; baseline 0.003 -14"><span class='ocrx_word' id='word_1_366' title='bbox 462 2816 484 2850; x_wconf 85' lang='lat'>3</span> <span class='ocrx_word' id='word_1_367' title='bbox 538 2829 570 2863; x_wconf 90' lang='lat' dir='ltr'><strong>p.</strong></span> <span class='ocrx_word' id='word_1_368' title='bbox 598 2818 648 2853; x_wconf 84' lang='lat'><strong>22</strong></span> <span class='ocrx_word' id='word_1_369' title='bbox 677 2830 726 2863; x_wconf 82' lang='lat' dir='ltr'><strong>sq.</strong></span> <span class='ocrx_word' id='word_1_370' title='bbox 753 2823 788 2853; x_wconf 82' lang='lat' dir='ltr'><strong>et</strong></span> <span class='ocrx_word' id='word_1_371' title='bbox 814 2819 920 2854; x_wconf 64' lang='lat' dir='ltr'><strong>Praei.</strong></span> <span class='ocrx_word' id='word_1_372' title='bbox 949 2832 982 2865; x_wconf 91' lang='lat' dir='ltr'><strong>p.</strong></span> <span class='ocrx_word' id='word_1_373' title='bbox 1010 2821 1097 2855; x_wconf 84' lang='lat' dir='ltr'><strong>xvl.</strong></span> <span class='ocrx_word' id='word_1_374' title='bbox 1153 2823 1411 2857; x_wconf 86' lang='lat' dir='ltr'><strong>Commentarius</strong></span> <span class='ocrx_word' id='word_1_375' title='bbox 1439 2824 1509 2857; x_wconf 85' lang='lat' dir='ltr'><strong>eius</strong></span> <span class='ocrx_word' id='word_1_376' title='bbox 1580 2821 1735 2863; x_wconf 79' lang='lat' dir='ltr'><strong>dragenis</strong></span> <span class='ocrx_word' id='word_1_377' title='bbox 1763 2820 1855 2855; x_wconf 86' lang='lat' dir='ltr'><strong>trinis</strong></span> <span class='ocrx_word' id='word_1_378' title='bbox 1883 2820 2047 2856; x_wconf 73' lang='lat' dir='ltr'><strong>versibus.</strong></span> 
     </span>
    </p>

    <p class='ocr_par' dir='ltr' id='par_1_9' title="bbox 410 2867 2169 2920">
     <span class='ocr_line' id='line_1_36' title="bbox 410 2867 2169 2920; baseline 0.003 -18"><span class='ocrx_word' id='word_1_379' title='bbox 410 2867 442 2902; x_wconf 87' lang='lat' dir='ltr'><strong>in</strong></span> <span class='ocrx_word' id='word_1_380' title='bbox 470 2867 671 2914; x_wconf 70' lang='lat' dir='ltr'><strong>colligendis</strong></span> <span class='ocrx_word' id='word_1_381' title='bbox 696 2870 901 2918; x_wconf 72' lang='lat' dir='ltr'><strong>potissimum</strong></span> <span class='ocrx_word' id='word_1_382' title='bbox 932 2872 1197 2916; x_wconf 71' lang='lat' dir='ltr'><strong>similitudinibus</strong></span> <span class='ocrx_word' id='word_1_383' title='bbox 1223 2878 1397 2917; x_wconf 77' lang='lat' dir='ltr'><strong>versatur,</strong></span> <span class='ocrx_word' id='word_1_384' title='bbox 1425 2884 1506 2920; x_wconf 79' lang='lat' dir='ltr'><strong>quas</strong></span> <span class='ocrx_word' id='word_1_385' title='bbox 1630 2869 1678 2915; x_wconf 88' lang='lat'><strong>8)</strong></span> <span class='ocrx_word' id='word_1_386' title='bbox 1708 2871 1756 2905; x_wconf 83' lang='lat' dir='ltr'><strong>De</strong></span> <span class='ocrx_word' id='word_1_387' title='bbox 1784 2881 1883 2905; x_wconf 85' lang='lat' dir='ltr'><strong>carm.</strong></span> <span class='ocrx_word' id='word_1_388' title='bbox 1911 2871 2021 2906; x_wconf 89' lang='lat' dir='ltr'><strong>bucol.</strong></span> <span class='ocrx_word' id='word_1_389' title='bbox 2048 2883 2079 2917; x_wconf 88' lang='lat' dir='ltr'><strong>p.</strong></span> <span class='ocrx_word' id='word_1_390' title='bbox 2108 2871 2169 2908; x_wconf 86' lang='lat'><strong>26.</strong></span> 
     </span>
    </p>
   </div>
   <div class='ocr_carea' id='block_1_7' title="bbox 400 2913 2675 3075">
    <p class='ocr_par' dir='ltr' id='par_1_10' title="bbox 400 2913 2675 3075">
     <span class='ocr_line' id='line_1_37' title="bbox 402 2913 2247 2971; baseline 0.007 -18"><span class='ocrx_word' id='word_1_391' title='bbox 402 2913 495 2965; x_wconf 54' lang='lat' dir='ltr'><strong>”apud</strong></span> <span class='ocrx_word' id='word_1_392' title='bbox 515 2923 831 2970; x_wconf 78' lang='lat' dir='ltr'><strong>utrumquepoetam</strong></span> <span class='ocrx_word' id='word_1_393' title='bbox 849 2921 1019 2961; x_wconf 73' lang='lat' dir='ltr'><strong>invenisse</strong></span> <span class='ocrx_word' id='word_1_394' title='bbox 1034 2918 1195 2968; x_wconf 65' lang='lat' dir='ltr'><strong>sibivisus</strong></span> <span class='ocrx_word' id='word_1_395' title='bbox 1207 2923 1356 2969; x_wconf 59' lang='lat' dir='ltr'><strong>estg&#39;sed</strong></span> <span class='ocrx_word' id='word_1_396' title='bbox 1375 2925 1505 2963; x_wconf 74' lang='lat' dir='ltr'><strong>frustra.</strong></span> <span class='ocrx_word' id='word_1_397' title='bbox 1630 2918 1677 2971; x_wconf 83' lang='grc'><strong>9)</strong></span> <span class='ocrx_word' id='word_1_398' title='bbox 1705 2923 1758 2957; x_wconf 77' lang='lat' dir='ltr'><strong>Ad</strong></span> <span class='ocrx_word' id='word_1_399' title='bbox 1785 2923 1955 2957; x_wconf 60' lang='lat' dir='ltr'><strong>Claudium</strong></span> <span class='ocrx_word' id='word_1_400' title='bbox 1985 2924 2090 2958; x_wconf 64' lang='lat' dir='ltr'><strong>Stilic-</strong></span> <span class='ocrx_word' id='word_1_401' title='bbox 2118 2925 2156 2967; x_wconf 85' lang='grc' dir='ltr'><strong>Ι,</strong></span> <span class='ocrx_word' id='word_1_402' title='bbox 2186 2925 2247 2959; x_wconf 80' lang='lat'><strong>28·</strong></span> 
     </span>
     <span class='ocr_line' id='line_1_38' title="bbox 400 2966 2674 3069; baseline 0.006 -65"><span class='ocrx_word' id='word_1_403' title='bbox 400 2973 408 2980; x_wconf 91' lang='grc'><em>“</em></span> <span class='ocrx_word' id='word_1_404' title='bbox 460 2966 509 3069; x_wconf 57' lang='lat'><strong>43</strong></span> <span class='ocrx_word' id='word_1_405' title='bbox 533 2971 651 3029; x_wconf 76' lang='lat' dir='ltr'><strong>Unger</strong></span> <span class='ocrx_word' id='word_1_406' title='bbox 669 2973 697 3007; x_wconf 85' lang='lat'><strong>·1.</strong></span> <span class='ocrx_word' id='word_1_407' title='bbox 725 2974 750 3027; x_wconf 70' lang='lat' dir='ltr'><strong>t.</strong></span> <span class='ocrx_word' id='word_1_408' title='bbox 774 2985 807 3020; x_wconf 86' lang='lat' dir='ltr'><strong>p.</strong></span> <span class='ocrx_word' id='word_1_409' title='bbox 834 2973 921 3008; x_wconf 72' lang='lat'><strong>266.</strong></span> <span class='ocrx_word' id='word_1_410' title='bbox 1027 2974 1029 2978; x_wconf 60' lang='lat'><strong><em>⁴</em></strong></span> <span class='ocrx_word' id='word_1_411' title='bbox 1190 2973 1215 3032; x_wconf 27' lang='grc' dir='ltr'><strong>ν’</strong></span> <span class='ocrx_word' id='word_1_412' title='bbox 1244 2977 1246 2979; x_wconf 84' lang='grc'><strong>’</strong></span> <span class='ocrx_word' id='word_1_413' title='bbox 1306 2977 1309 2980; x_wconf 75' lang='grc'><strong><em>’</em></strong></span> <span class='ocrx_word' id='word_1_414' title='bbox 1400 3025 1405 3030; x_wconf 40' lang='lat'><strong><em>¹</em></strong></span> <span class='ocrx_word' id='word_1_415' title='bbox 1626 2970 1698 3033; x_wconf 31' lang='lat'>1⁸0)</span> <span class='ocrx_word' id='word_1_416' title='bbox 1731 2973 1767 3009; x_wconf 88' lang='lat' dir='ltr'><strong>T.</strong></span> <span class='ocrx_word' id='word_1_417' title='bbox 1796 2973 1842 3009; x_wconf 80' lang='lat' dir='ltr'><strong>tv</strong></span> <span class='ocrx_word' id='word_1_418' title='bbox 1867 2986 1912 3033; x_wconf 54' lang='grc' dir='ltr'><strong>ἰ).</strong></span> <span class='ocrx_word' id='word_1_419' title='bbox 1943 2974 1993 3009; x_wconf 85' lang='grc'><strong>39</strong></span> <span class='ocrx_word' id='word_1_420' title='bbox 2022 2986 2071 3019; x_wconf 85' lang='lat' dir='ltr'><strong>sq.</strong></span> <span class='ocrx_word' id='word_1_421' title='bbox 2097 2975 2248 3012; x_wconf 78' lang='lat' dir='ltr'><strong>Bartbius</strong></span> <span class='ocrx_word' id='word_1_422' title='bbox 2284 2977 2369 3034; x_wconf 75' lang='lat' dir='ltr'><strong>enim</strong></span> <span class='ocrx_word' id='word_1_423' title='bbox 2395 2986 2460 3037; x_wconf 76' lang='lat' dir='ltr'><strong>non</strong></span> <span class='ocrx_word' id='word_1_424' title='bbox 2487 2985 2674 3037; x_wconf 59' lang='lat' dir='ltr'><strong>auctorem</strong></span> 
     </span>
     <span class='ocr_line' id='line_1_39' title="bbox 461 3020 2675 3075; baseline 0.005 -18"><span class='ocrx_word' id='word_1_425' title='bbox 461 3022 482 3057; x_wconf 88' lang='lat'><strong>5</strong></span> <span class='ocrx_word' id='word_1_426' title='bbox 531 3020 647 3068; x_wconf 71' lang='lat' dir='ltr'><strong>Unger</strong></span> <span class='ocrx_word' id='word_1_427' title='bbox 679 3022 700 3060; x_wconf 87' lang='lat' dir='ltr'><strong>l.</strong></span> <span class='ocrx_word' id='word_1_428' title='bbox 728 3024 750 3060; x_wconf 85' lang='lat' dir='ltr'><strong>l.</strong></span> <span class='ocrx_word' id='word_1_429' title='bbox 790 3035 822 3071; x_wconf 91' lang='lat' dir='ltr'><strong>p.</strong></span> <span class='ocrx_word' id='word_1_430' title='bbox 852 3022 926 3060; x_wconf 81' lang='lat'><strong>273</strong></span> <span class='ocrx_word' id='word_1_431' title='bbox 956 3036 1025 3072; x_wconf 68' lang='lat' dir='ltr'><strong>sq„</strong></span> <span class='ocrx_word' id='word_1_432' title='bbox 1073 3036 1128 3072; x_wconf 85' lang='lat' dir='ltr'><strong>qui</strong></span> <span class='ocrx_word' id='word_1_433' title='bbox 1173 3026 1301 3072; x_wconf 76' lang='lat' dir='ltr'><strong>singula</strong></span> <span class='ocrx_word' id='word_1_434' title='bbox 1337 3029 1503 3069; x_wconf 79' lang='lat' dir='ltr'><strong>recenset,</strong></span> <span class='ocrx_word' id='word_1_435' title='bbox 1571 3026 1663 3069; x_wconf 66' lang='lat' dir='ltr'><strong>tacut</strong></span> <span class='ocrx_word' id='word_1_436' title='bbox 1700 3025 1932 3070; x_wconf 63' lang='lat' dir='ltr'><strong>culpantem</strong></span> <span class='ocrx_word' id='word_1_437' title='bbox 1972 3026 2147 3072; x_wconf 75' lang='lat' dir='ltr'><strong>quendam</strong></span> <span class='ocrx_word' id='word_1_438' title='bbox 2197 3031 2302 3063; x_wconf 79' lang='lat' dir='ltr'><strong>nostrl</strong></span> <span class='ocrx_word' id='word_1_439' title='bbox 2344 3038 2563 3075; x_wconf 75' lang='lat' dir='ltr'><strong>panegyrici,</strong></span> <span class='ocrx_word' id='word_1_440' title='bbox 2609 3034 2675 3068; x_wconf 81' lang='lat' dir='ltr'><strong>sed</strong></span> 
     </span>
    </p>
   </div>
   <div class='ocr_carea' id='block_1_8' title="bbox 407 3075 2671 3229">
    <p class='ocr_par' dir='ltr' id='par_1_11' title="bbox 407 3075 2671 3229">
     <span class='ocr_line' id='line_1_40' title="bbox 409 3075 2671 3126; baseline 0.003 -18"><span class='ocrx_word' id='word_1_441' title='bbox 409 3084 494 3119; x_wconf 89' lang='lat' dir='ltr'><strong>quae</strong></span> <span class='ocrx_word' id='word_1_442' title='bbox 521 3075 626 3110; x_wconf 84' lang='lat' dir='ltr'><strong>Statio</strong></span> <span class='ocrx_word' id='word_1_443' title='bbox 654 3079 688 3109; x_wconf 85' lang='lat' dir='ltr'><strong>et</strong></span> <span class='ocrx_word' id='word_1_444' title='bbox 713 3075 891 3120; x_wconf 78' lang='lat' dir='ltr'><strong>Anonymo</strong></span> <span class='ocrx_word' id='word_1_445' title='bbox 917 3079 1093 3126; x_wconf 85' lang='lat' dir='ltr'><strong>peculiaria</strong></span> <span class='ocrx_word' id='word_1_446' title='bbox 1122 3088 1197 3113; x_wconf 70' lang='lat' dir='ltr'><strong>esse</strong></span> <span class='ocrx_word' id='word_1_447' title='bbox 1224 3078 1308 3112; x_wconf 77' lang='lat' dir='ltr'><strong>falso</strong></span> <span class='ocrx_word' id='word_1_448' title='bbox 1338 3077 1499 3112; x_wconf 86' lang='lat' dir='ltr'><strong>dicuntur.</strong></span> <span class='ocrx_word' id='word_1_449' title='bbox 1563 3087 1684 3123; x_wconf 68' lang='lat' dir='ltr'><strong>yeme:</strong></span> <span class='ocrx_word' id='word_1_450' title='bbox 1721 3078 1895 3120; x_wconf 70' lang='lat' dir='ltr'><strong>carminis</strong></span> <span class='ocrx_word' id='word_1_451' title='bbox 1932 3078 2347 3126; x_wconf 42' lang='lat' dir='ltr'><strong>Calpurni-analavum</strong></span> <span class='ocrx_word' id='word_1_452' title='bbox 2389 3079 2526 3123; x_wconf 76' lang='lat' dir='ltr'><strong>referre</strong></span> <span class='ocrx_word' id='word_1_453' title='bbox 2565 3084 2597 3118; x_wconf 78' lang='lat' dir='ltr'><strong>b.</strong></span> <span class='ocrx_word' id='word_1_454' title='bbox 2643 3097 2671 3119; x_wconf 82' lang='lat' dir='ltr'><strong>e,</strong></span> 
     </span>
     <span class='ocr_line' id='line_1_41' title="bbox 461 3122 2155 3176; baseline 0.003 -17"><span class='ocrx_word' id='word_1_455' title='bbox 461 3122 509 3173; x_wconf 87' lang='lat'><strong>6)</strong></span> <span class='ocrx_word' id='word_1_456' title='bbox 539 3139 571 3173; x_wconf 87' lang='lat' dir='ltr'><strong>p.</strong></span> <span class='ocrx_word' id='word_1_457' title='bbox 599 3127 658 3161; x_wconf 84' lang='lat'><strong>39.</strong></span> <span class='ocrx_word' id='word_1_458' title='bbox 687 3128 800 3162; x_wconf 73' lang='lat' dir='ltr'><strong>Statio</strong></span> <span class='ocrx_word' id='word_1_459' title='bbox 833 3130 881 3152; x_wconf 87' lang='lat'><strong>—&#39;</strong></span> <span class='ocrx_word' id='word_1_460' title='bbox 910 3130 1078 3171; x_wconf 61' lang='lat' dir='ltr'><strong>Boinasa:</strong></span> <span class='ocrx_word' id='word_1_461' title='bbox 1105 3130 1308 3176; x_wconf 19' lang='lat' dir='ltr'><strong>&lt;aliquando</strong></span> <span class='ocrx_word' id='word_1_462' title='bbox 1341 3141 1502 3175; x_wconf 73' lang='lat' dir='ltr'><strong>paneyy-</strong></span> <span class='ocrx_word' id='word_1_463' title='bbox 1575 3127 1680 3164; x_wconf 75' lang='lat' dir='ltr'><strong>simile</strong></span> <span class='ocrx_word' id='word_1_464' title='bbox 1706 3127 1929 3174; x_wconf 74' lang='lat' dir='ltr'><strong>Calpurniano</strong></span> <span class='ocrx_word' id='word_1_465' title='bbox 1959 3141 2034 3165; x_wconf 76' lang='lat' dir='ltr'><strong>esse</strong></span> <span class='ocrx_word' id='word_1_466' title='bbox 2064 3130 2155 3165; x_wconf 83' lang='lat' dir='ltr'><strong>dixit.</strong></span> 
     </span>
     <span class='ocr_line' id='line_1_42' title="bbox 407 3175 2134 3229; baseline 0.002 -17"><span class='ocrx_word' id='word_1_467' title='bbox 407 3178 520 3213; x_wconf 66' lang='lat' dir='ltr'><strong>rictam</strong></span> <span class='ocrx_word' id='word_1_468' title='bbox 539 3177 739 3214; x_wconf 71' lang='lat' dir='ltr'><strong>adscribere</strong></span> <span class='ocrx_word' id='word_1_469' title='bbox 757 3178 880 3221; x_wconf 72' lang='lat' dir='ltr'><strong>voluit,</strong></span> <span class='ocrx_word' id='word_1_470' title='bbox 900 3178 968 3217; x_wconf 78' lang='lat' dir='ltr'><strong>levi</strong></span> <span class='ocrx_word' id='word_1_471' title='bbox 986 3181 1172 3217; x_wconf 80' lang='lat' dir='ltr'><strong>admodum</strong></span> <span class='ocrx_word' id='word_1_472' title='bbox 1185 3181 1501 3217; x_wconf 74' lang='lat' dir='ltr'><strong>verisimilitudine.</strong></span> <span class='ocrx_word' id='word_1_473' title='bbox 1596 3181 1599 3185; x_wconf 85' lang='lat'>&#39;</span> <span class='ocrx_word' id='word_1_474' title='bbox 1627 3175 1700 3229; x_wconf 80' lang='lat'><strong>11)</strong></span> <span class='ocrx_word' id='word_1_475' title='bbox 1731 3180 1769 3215; x_wconf 84' lang='lat' dir='ltr'><strong>T.</strong></span> <span class='ocrx_word' id='word_1_476' title='bbox 1797 3179 1844 3216; x_wconf 83' lang='lat' dir='ltr'><strong>IV</strong></span> <span class='ocrx_word' id='word_1_477' title='bbox 1870 3185 1904 3227; x_wconf 72' lang='lat' dir='ltr'><strong>p‘.</strong></span> <span class='ocrx_word' id='word_1_478' title='bbox 1931 3179 1980 3216; x_wconf 81' lang='lat'><strong>44</strong></span> <span class='ocrx_word' id='word_1_479' title='bbox 2007 3184 2075 3217; x_wconf 87' lang='lat' dir='ltr'><strong>not.</strong></span> <span class='ocrx_word' id='word_1_480' title='bbox 2104 3181 2134 3215; x_wconf 88' lang='lat' dir='ltr'><strong>b.</strong></span> 
     </span>
    </p>
   </div>
   <div class='ocr_carea' id='block_1_9' title="bbox 2362 3293 2424 3335">
    <p class='ocr_par' dir='ltr' id='par_1_12' title="bbox 2362 3293 2424 3335">
     <span class='ocr_line' id='line_1_43' title="bbox 2362 3293 2424 3335; baseline 0 -19"><span class='ocrx_word' id='word_1_481' title='bbox 2362 3293 2424 3335; x_wconf 56' lang='lat'><strong>2*</strong></span> 
     </span>
    </p>
   </div>
   <div class='ocr_carea' id='block_1_10' title="bbox 0 3604 3256 3632">
    <p class='ocr_par' dir='ltr' id='par_1_13' title="bbox 0 3604 3256 3632">
     <span class='ocr_line' id='line_1_44' title="bbox 0 3604 3256 3632; baseline 0 0"><span class='ocrx_word' id='word_1_482' title='bbox 0 3604 3256 3632; x_wconf 95' lang='lat' dir='ltr'><strong> </strong></span> 
     </span>
    </p>
   </div>
  </div>
 </body>
</html>
